4125 6225
1104 510 1297 578 DIST.
1342 509 1415 575 X.
1460 506 1647 579 ΛΒΤ.
1685 508 1791 574 III.
1837 496 2134 588 QUAEST.
2182 511 2259 576 11.

136 654 334 739 plicat3
383 650 473 715 sic
520 651 714 715 etiam
766 652 968 732 potest
1014 647 1282 729 intelligi
1336 644 1646 729 spirituali

135 762 303 827 modo
329 760 405 825 de
430 760 634 843 specie
653 807 671 836 ‚
705 775 850 841 quae
879 755 1068 821 estin
1098 754 1423 820 intellectu
1447 771 1647 835 ange-

133 870 254 934 lico.
279 866 341 933 Si
368 873 582 931 autem
609 868 934 950 quaeratur
957 863 1033 928 de
1057 862 1287 940 medio,
1308 860 1647 925 dicendum

134 975 284 1059 quod
316 973 495 1040 nulla
524 977 619 1037 est
657 972 960 1056 quaestio,
990 971 1145 1053 quia
1180 987 1332 1032 cum
1363 969 1443 1031 sit
1485 969 1648 1032 actio

132 1083 454 1167 spiritualis
469 1088 531 1147 et
543 1080 1005 1159 intellectualis,
1024 1096 1156 1142 non
1174 1077 1419 1159 indiget
1436 1075 1647 1141 medio

132 1193 442 1275 corporali.
482 1191 551 1257 Si
582 1209 735 1255 vero
772 1192 1101 1273 quaeratur
1137 1187 1215 1252 de
1250 1187 1489 1251 virtute
1533 1203 1649 1268 per

131 1319 307 1384 quam
331 1300 443 1380 sit,
473 1300 607 1364 sive
634 1299 711 1363 de
744 1298 889 1362 luce
924 1294 1273 1379 spirituali,
1306 1293 1645 1358 dicendum

131 1409 286 1492 quod
323 1407 642 1473 concurrit
684 1406 777 1470 ibi
815 1405 936 1470 lux
973 1403 1327 1467 intellectus
1368 1399 1646 1482 angelici

131 1516 431 1582 offerentis
452 1564 470 1592 ‚
516 1520 581 1581 et
609 1515 727 1580 lux
762 1514 956 1578 etiam
1000 1528 1300 1593 supernae
1336 1509 1642 1573 veritatis.

130 1620 277 1688 Nam
303 1623 464 1690 sicut
480 1624 550 1688 in
568 1623 711 1688 luce
731 1619 1043 1705 corporali
1066 1619 1147 1683 ad
1171 1617 1644 1682 immutandum

130 1731 326 1797 visum
353 1732 646 1798 videmus
672 1747 1070 1807 concurrere,
1098 1730 1162 1792 et
1186 1728 1399 1791 lucem
1434 1726 1647 1790 incor-

129 1844 431 1920 poratam,
475 1843 539 1904 et
574 1838 785 1903 lucem
814 1838 1090 1919 ‘insuper
1129 1835 1543 1911 influentem,
1584 1835 1649 1897 et

130 1946 463 2011 absolutam
484 1996 502 2027 ‚
538 1949 759 2029 utpote
783 1945 993 2008 lucem
1027 1943 1212 2022 solis3
1243 1942 1331 2006 sic
1358 1941 1551 2005 etiam
1585 1943 1650 2005 et

128 2054 188 2117 in
214 2055 519 2138 spirituali
538 2052 899 2135 cognitione
923 2053 1242 2136 duplicem
1262 2051 1474 2116 lucem
1497 2068 1644 2115 con-

129 2179 363 2227 currere
413 2163 852 2246 intelligamus
872 2211 889 2241 ,
946 2161 1299 2226 secundum
1350 2159 1523 2243 quod
1576 2157 1645 2221 in

127 2268 398 2351 pluribus
425 2271 583 2336 locis
609 2270 822 2334 innuit
847 2269 1271 2352 Augustinus.

600 2489 1005 2570 QUAESTIO
1047 2489 1141 2555 11.

155 2646 240 2703 An
257 2646 433 2704 eadem
458 2648 655 2703 lomatio
669 2648 843 2720 possit
863 2660 966 2703 esse
984 2661 1020 2701 a
1039 2647 1146 2701 Deo
1162 2685 1180 2711 ,
1205 2646 1258 2700 et
1274 2643 1346 2699 ab
1367 2643 1554 2715 angelo
1575 2639 1613 2698 ¹.

197 2787 418 2854 Utrum
444 2789 667 2856 eadem
690 2790 927 2854 locutio
947 2788 1142 2872 possit
1171 2804 1305 2852 esse
1329 2805 1370 2851 a
1400 2785 1529 2850 Deo
1545 2834 1562 2865 ‚
1592 2789 1656 2850 et

127 2897 368 2980 angelo;
398 2902 466 2964 et
487 2898 658 2981 quod
683 2898 794 2973 sic,
822 2897 1078 2961 videtur
1103 2913 1219 2979 per
1241 2893 1553 2959 «Ioannem
1580 2892 1651 2956 in

126 3004 499 3091 Apocalypsi
532 3008 556 3043 ²
589 3027 611 3070 .-
642 3008 931 3089 Loquens
970 3019 1088 3087 per
1125 3003 1421 3086 anqelum
1462 3018 1651 3067 suum

128 3128 288 3182 servo
330 3131 447 3184 suo
474 3117 754 3194 loanni,
783 3118 902 3179 etc.
949 3110 1072 3178 Sed
1119 3111 1651 3195 quandocumque

126 3220 336 3304 aliquis
352 3224 582 3287 artifex
596 3222 733 3304 agit
750 3239 863 3304 per
880 3221 1402 3296 instrumentum,
1427 3218 1649 3282 eadem

127 3332 206 3392 est
231 3330 387 3395 actio
427 3330 681 3413 agentis
710 3333 776 3394 et
814 3328 1253 3406 instrumenti3
1296 3327 1463 3393 sicut
1502 3335 1650 3391 cum

127 3435 259 3517 quis
278 3439 501 3505 incidit
533 3455 649 3521 per
676 3437 973 3517 securim,
1007 3435 1230 3501 eadem
1256 3439 1353 3500 est
1375 3435 1597 3500 incisio
1627 3454 1645 3500 ε

127 3560 268 3626 ergo
293 3548 515 3612 eadem
544 3550 635 3610 est
660 3545 895 3611 locutio
926 3544 1032 3609 Dei
1059 3549 1122 3609 et
1144 3544 1379 3626 angeli.

193 3651 380 3732 Item,
409 3672 563 3719 cum
590 3654 878 3736 loquitur
917 3653 1082 3719 Deus
1116 3653 1300 3717 nobis
1339 3669 1452 3735 per
1490 3668 1647 3735 pro-

104 3753 384 3841 'phetam,
415 3761 655 3825 locutio
684 3761 792 3826 illa
815 3762 1046 3826 dicitur
1072 3779 1208 3825 esse
1246 3758 1378 3837 Dei,
1410 3764 1473 3824 et
1502 3759 1650 3844 Spi-

122 3865 270 3930 ritus
291 3869 514 3946 sancti‚
544 3873 608 3933 et
632 3868 925 3933 similiter
940 3867 1173 3933 locutio
1192 3868 1301 3933 illa
1327 3872 1423 3933 est
1447 3868 1651 3952 ipsius

123 3975 433 4057 prophetae
476 3997 496 4042 t
551 3977 662 4042 sed
706 3980 955 4041 constat
996 3977 1169 4060 quod
1212 3996 1345 4042 non
1390 3980 1485 4043 est
1524 3978 1651 4042 nisi

121 4082 296 4148 unica
325 4108 341 4149 z
372 4103 555 4166 ergo,
586 4085 726 4168 pari
757 4084 1025 4164 ratione,
1058 4103 1209 4150 cum
1240 4085 1407 4151 Deus
1437 4085 1648 4170 loqui-

121 4191 216 4252 tur
238 4191 417 4256 nobis
445 4210 558 4275 per
585 4193 868 4275 angelos.

190 4294 344 4360 Item
366 4347 385 4378 ,
423 4301 684 4382 quando
719 4301 935 4366 audita
968 4300 1094 4365 fuit
1132 4318 1265 4366 vox
1289 4300 1398 4365 illa
1423 4301 1447 4338 ⁸
1477 4319 1493 4365 τ
1526 4301 1649 4367 Hic

120 4408 203 4468 est
227 4404 406 4484 filius
434 4425 532 4473 me
540 4425 615 4474 us
635 4408 929 4488 dilectus,
955 4413 1197 4473 constat
1215 4408 1382 4491 quod
1401 4407 1512 4472 illa
1529 4408 1651 4473 fuit

117 4506 338 4576 locutio
378 4512 527 4593 Dei,
577 4515 731 4597 quia
768 4515 989 4579 nullus
1039 4519 1282 4597 poterat
1328 4514 1452 4580 hoc
1495 4533 1648 4582 vere

120 4613 335 4696 dicere,
364 4621 489 4684 nisi
518 4620 681 4685 Dens
718 4640 735 4687 ε
774 4623 883 4687 sed
914 4622 1021 4687 illa
1041 4623 1279 4687 locutio
1306 4621 1648 4688 successio·

121 4737 258 4788 nem
293 4727 525 4795 habuit
569 4731 632 4793 et
670 4730 1149 4796 variationem:
1197 4750 1356 4815 ergo
1400 4732 1519 4797 suit
1567 4732 1648 4797 ab

177 4885 288 4950 ¹Cs.
312 4888 456 4940 Alex.
486 4890 713 4957 Alensis,
746 4905 801 4956 p.
829 4869 904 4956 n‚'
932 4904 1156 4958 q.1xv1‚
1183 4893 1378 4944 memb.
1400 4897 1448 4956 2,
1474 4897 1570 4945 art.
1595 4895 1646 4959 2,

120 4956 166 5005 et
182 4960 366 5010 memb.
385 4964 442 5025 33
469 4963 523 5014 S.
542 4963 746 5025 Thom„
766 4977 819 5027 p.
843 4965 884 5027 l,
901 4973 1097 5029 q cv11,
1118 4968 1214 5016 art.
1237 4969 1291 5029 ¹3
1317 4970 1370 5015 et
1385 4965 1446 5014 de
1470 4964 1646 5030 Ver-it„

118 5038 165 5089 q·
183 5038 254 5092 11,
275 5037 372 5083 art.
396 5036 424 5084 4
450 5039 503 5085 et
522 5038 549 5085 5
562 5050 582 5100 3
613 5036 774 5100 scot„
805 5037 847 5086 lt
871 5037 1030 5096 senc„
1056 5037 1175 5088 dist.
1198 5048 1273 5101 lx,
1296 5050 1349 5102 q.
1372 5049 1442 5101 ¹¹3
1474 5036 1643 5101 AEgid.

118 5096 277 5166 Rom„
305 5103 347 5154 ΙΙ
379 5105 539 5164 Sene„
571 5105 685 5158 dist.
711 5119 776 5173 x,
802 5121 857 5174 q.
880 5118 975 5172 111,
1002 5111 1094 5158 art.
1119 5113 1166 5174 1,
1194 5108 1317 5159 dub.
1338 5112 1399 5173 53
1431 5109 1645 5174 Gregor.

119 5169 345 5238 Arimin..
370 5176 418 5227 ΙΙ
456 5176 616 5242 Seni„
640 5179 752 5230 dist.
774 5189 832 5230 ιι
846 5216 864 5244 ,
891 5193 945 5245 q.
970 5187 1045 5243 113
1082 5177 1339 5232 Francisc.
1368 5179 1434 5231 de
1459 5181 1644 5246 mayr„

3165 514 3288 580 m

1754 644 1967 728 aliqua
1989 650 2283 712 creatura
2301 646 2608 731 spirituali
2633 665 2823 730 :ergo
2844 648 3097 714 videtur
3113 651 3286 732 quod

1753 771 1887 817 una
1920 757 1984 818 et
2020 754 2245 819 eadem
2286 755 2520 820 locutio
2558 755 2758 837 possit
2783 774 2918 821 esse
2948 755 3060 821 Dei
3087 762 3152 823 et
3175 775 3288 822 an-

1752 860 1902 940 geli.
2589 926 2594 933 ,

1832 965 1992 1031 Item
2023 968 2279 1033 videtur
2303 969 2475 1052 quod
2501 969 2672 1034 nulla
2712 970 2950 1037 locutio
2979 972 3289 1036 sensibilis

1752 1075 1948 1156 possit
1975 1093 2109 1140 esse
2132 1074 2264 1156 Dei,
2299 1077 2459 1160 quin
2487 1078 2677 1142 etiam
2705 1079 2786 1143 sit
2815 1079 3051 1161 angeli.
3084 1078 3286 1145 Locu-

1752 1176 1841 1245 tio
1867 1182 2047 1246 enim
2070 1184 2379 1273 sensibilis
2405 1186 2477 1248 flt
2506 1184 2927 1250 mediantibus
2965 1186 3226 1269 organis
3267 1206 3286 1251 ε

1752 1308 1910 1370 ergo
1934 1289 2100 1354 sicut
2138 1291 2303 1356 Deus
2340 1310 2454 1375 per
2479 1310 2546 1356 se
2575 1311 2708 1357 non
2748 1297 2950 1376 potest
2988 1312 3247 1359 currere
3267 1343 3285 1372 ‚

1752 1397 1905 1479 quia
1926 1414 2153 1460 cursus
2170 1398 2244 1462 fit
2263 1398 2691 1463 mediantibus
2717 1399 2976 1480 organis
3001 1417 3291 1482 corpora-

1750 1504 1923 1568 libus
1943 1551 1961 1582 ,
1992 1522 2141 1586 quae
2175 1522 2309 1569 non
2347 1505 2537 1570 habet
2565 1505 2766 1585 Deus;
2801 1522 2961 1588 ergo
3001 1508 3291 1573 similiter

1751 1629 1869 1677 nec
1914 1630 2029 1694 per
2078 1612 2356 1696 seipsum
2401 1613 2781 1678 sensibiliter
2823 1613 2998 1697 loqui
3058 1636 3074 1680 ε
3133 1634 3289 1699 ergo

1752 1719 1975 1784 saltem
2003 1720 2238 1786 locutio
2264 1721 2579 1786 sensibilis
2599 1720 2709 1786 Dei
2732 1721 2824 1786 sic
2844 1726 2939 1787 est
2956 1721 3089 1803 Dei,
3115 1725 3288 1806 quod

1752 1828 1988 1909 angeli.

1833 1935 2061 2001 Contra
2122 1953 2139 2000 ε

1755 2044 2092 2125 agentium
2130 2043 2363 2109 diversi
2407 2048 2558 2108 sunt
2598 2049 2775 2110 actus
2819 2063 2837 2108 ε
2876 2046 2986 2110 sed
3021 2046 3186 2111 Deus
3231 2050 3293 2112 et

1757 2152 2026 2234 angelus
2059 2151 2322 2216 omnino
2348 2156 2498 2215 sunt
2528 2151 2764 2217 diversi
2793 2156 3054 2235 agentes
3084 2176 3099 2218 ε
3134 2172 3293 2238 ergo

1757 2260 2038 2325 diversas
2059 2259 2302 2324 faciunt
2324 2258 2695 2324 locutiones.

1840 2371 1901 2432 2.
1949 2366 2110 2431 Item
2153 2366 2386 2432 locutio
2429 2365 2537 2431 Dei
2576 2385 2707 2431 non
2745 2370 2840 2432 est
2877 2355 3051 2435 aliud
3096 2389 3292 2455 quam

1761 2475 2037 2540 verbum
2062 2474 2171 2539 Dei
2201 2494 2218 2539 ε
2249 2475 2358 2540 sed
2386 2475 2659 2540 verbum
2686 2475 2794 2540 Dei
2823 2476 2901 2560 (α)
2933 2482 2997 2542 et
3022 2480 3297 2545 verbum

1622 2592 1631 2605 ·
1759 2583 1975 2665 angeli
2006 2587 2102 2648 est
2135 2583 2399 2648 omnino
2438 2581 2609 2647 aliud
2646 2585 2710 2647 et
2747 2582 2920 2649 aliud
2962 2602 2980 2647 z
3013 2603 3170 2668 ergo
3201 2586 3297 2652 lo-

1760 2691 1931 2755 cutio
1959 2690 2067 2754 Dei
2094 2693 2160 2755 et
2186 2689 2401 2771 angeli
2425 2694 2522 2754 est
2541 2689 2806 2754 omnino
2827 2691 2951 2754 alia
2971 2694 3035 2755 et
3057 2692 3200 2757 alia.

1840 2803 1900 2864 3.
1941 2797 2104 2864 Item
2130 2798 2347 2863 nullus
2372 2801 2550 2863 actus
2577 2799 2690 2881 qui
2724 2816 2839 2881 per
2864 2816 2930 2862 se
2958 2802 3022 2863 et
3048 2802 3300 2885 proprie

1761 2905 2060 2969 convenit
2080 2903 2207 2968 Deo
2236 2908 2309 2968 ut
2332 2903 2636 2987 subjecto,
2668 2903 2720 2966 si
2748 2903 2993 2968 dicatur
3019 2904 3097 2969 de
3125 2925 3302 2971 erea-

1760 3015 1941 3092 tura,
1970 3015 2068 3077 est
2090 3012 2295 3088 idem,
2327 3016 2519 3095 prout
2559 3010 2792 3075 dicitur
2826 3010 2904 3075 de
2934 3010 3061 3077 Deo
3084 3060 3101 3090 ‚
3130 3015 3195 3077 et
3224 3014 3302 3079 de

1762 3124 2074 3197 creatura,
2103 3120 2267 3185 sicut
2292 3124 2503 3202 patet;
2533 3119 2706 3184 aliud
2738 3119 2909 3184 enim
2942 3124 3037 3184 est
3061 3120 3301 3186 intelli-

1760 3243 1913 3308 gere
1939 3228 2257 3307 hominis,
2288 3227 2461 3293 aliud
2504 3226 2864 3308 intelligere
2908 3226 3016 3291 Dei
3047 3244 3064 3290 ε
3096 3243 3254 3310 ergo
3277 3278 3295 3309 ‚

1758 3335 1897 3418 pari
1918 3335 2184 3416 ratione,
2215 3335 2341 3400 alia
2363 3334 2484 3400 erit
2507 3333 2742 3400 locutio
2760 3333 2892 3415 Dei,
2913 3334 3039 3400 alia
3060 3335 3300 3401 locutio

1757 3441 1994 3523 angeli.

1837 3553 1899 3613 4.
1959 3548 2120 3613 Item
2137 3597 2156 3629 ,
2208 3566 2358 3614 cum
2417 3545 2585 3613 Deus
2644 3548 2930 3631 loquitur
2981 3547 3316 3613 mentibus

1759 3655 2011 3738 nostris,
2045 3656 2331 3739 loquitur
2357 3656 2591 3721 animae
2619 3659 2938 3739 quantum
2964 3656 3045 3720 ad
3071 3673 3302 3739 supre-

1760 3783 1935 3829 mam
1967 3769 2214 3847 partem
2245 3787 2260 3829 ε
2305 3781 2453 3827 cnm
2493 3777 2647 3828 vero
2683 3764 2955 3845 angelus
2983 3761 3299 3847 loquitur,

1759 3870 2054 3954 suggerit
2105 3871 2187 3934 ab
2241 3870 2527 3936 inferiori
2581 3892 2597 3935 :
2653 3886 2810 3952 ergo
2868 3888 3000 3936 non
3048 3871 3305 3935 videtur

1760 3978 1929 4062 quod
1956 3977 2178 4042 eadem
2205 3977 2403 4061 possit
2418 3995 2554 4042 esse
2579 3976 2816 4041 locutio
2839 3975 2949 4041 Dei
2973 3982 3037 4042 et
3058 3976 3298 4060 angeli.

1839 4089 1900 4150 5.
1928 4084 2124 4151 Juxta
2150 4084 2274 4149 hoc
2304 4085 2651 4167 quaeritur,
2682 4102 2831 4148 cum
2874 4084 3144 4167 angelus
3184 4103 3306 4167 ap-

1758 4198 1979 4279 pareat
2020 4198 2083 4257 et
2128 4193 2430 4276 loquatur
2475 4193 2544 4256 in
2588 4205 2860 4275 persona
2894 4191 3001 4257 Dei
3019 4241 3037 4272 ,
3081 4197 3318 4258 utrum·

1760 4301 2051 4366 similiter
2077 4300 2270 4383 possit
2294 4297 2543 4364 adorari
2569 4299 2639 4362 in
2668 4315 2941 4382 persona
2962 4297 3094 4363 Dei.
3115 4296 3304 4376 Quae·
3371 4323 3392 4338 ·

1757 4410 1925 4474 ritur
1970 4407 2165 4473 etiam
2220 4411 2441 4472 utrum
2491 4406 2917 4488 apparitiones
2961 4423 3183 4469 omnes
3232 4406 3301 4470 in

1759 4516 2043 4600 subJecta
2074 4517 2384 4594 creatura,
2431 4513 2666 4597 quibus
2693 4512 2860 4578 Deus
2893 4513 3209 4597 apparuit,
3240 4517 3304 4578 et

1757 4623 2112 4689 locutiones
2136 4622 2333 4687 etiam
2357 4622 2535 4685 factae
2563 4620 2691 4686 sint
2724 4619 3152 4686 mediantibus
3178 4638 3301 4685 an-

1759 4731 1941 4814 gelis.

1761 4878 1803 4927 ιι
1829 4875 1991 4936 Sent„
2011 4873 2129 4924 dist.
2151 4882 2230 4935 ιι,
2249 4883 2303 4934 q.
2327 4882 2380 4934 1;
2411 4870 2587 4937 steph.
2612 4871 2822 4936 annet,
2851 4867 2897 4922 ιι
2922 4870 3083 4933 sent„
3107 4870 3224 4922 dist.
3245 4857 3300 4936 x’,

1758 4961 1811 5011 q.
1830 4957 1897 5008 νς
1923 4946 2107 4997 Thom.
2136 4946 2280 5008 Arg„
2311 4942 2351 4992 ll
2378 4943 2535 5009 Sena,
2559 4944 2677 4996 dist.
2697 4951 2752 5007 13
2781 4957 2833 5008 q.
2857 4954 2904 5007 1,
2930 4944 3113 5007 nrt-23
3139 4943 3298 4995 anr.
3317 4957 3333 4970 ·

1760 5016 1884 5083 Biel,
1910 5019 1951 5068 11
1975 5018 2133 5077 sent„
2156 5015 2275 5066 dist.
2294 5025 2372 5079 u,
2395 5028 2448 5081 q.
2471 5027 2604 5069 11.—
2625 5017 2644 5047 ²
2664 5017 2837 5082 Apoc„
2859 5026 2897 5079 1,
2920 5012 3297 5078 ¹.—⁸uat11·.,

1758 5100 1841 5152 nl,
1872 5093 1956 5155 ¹²¹3
1985 5092 2124 5154 Lae„
2146 5098 2227 5153 1¹1,
2248 5095 2328 5145 22,

1825 5177 1893 5244 (α)
1925 5180 2047 5233 coet.
2066 5180 2190 5232 edit.
2217 5180 2350 5234 deest
2375 5179 2468 5233 sed
2493 5167 2847 5232 verbum-Dei.

2203 1941 2262 2000 1.
2329 1935 2736 2002 Diversarum
2793 1937 3292 2004 substantiarum
3323 1957 3392 2001 Aa
3420 1968 3525 2014 opp.
