4125 6225
740 414 821 476 ιο
1889 409 2512 478 ΒΕΝΤΕΝΤῙΑΒΠΜ
2551 411 2700 478 Lm.
2747 413 2798 506 ι.

739 543 1075 610 essentiam
1107 564 1121 607 ε
1154 547 1219 608 et
1249 547 1564 628 quantum
1609 545 1693 611 ad
1729 546 1852 611 hoc
1890 545 2272 629 intelligitur

740 651 983 718 dictum
1007 651 1169 716 illud
1192 651 1488 716 verbum.

820 762 881 822 2.
916 757 1014 822 Ad
1046 757 1206 823 illud
1232 759 1402 840 quod
1440 759 1764 841 objicitur,
1793 759 1837 824 C
1851 762 2004 843 ujus
2027 759 2277 826 ratione

738 883 843 931 res
875 865 1179 930 dicuntur
1208 866 1277 930 in
1309 864 1437 931 Deo
1462 868 1608 934 vita
1627 916 1645 948 ,
1668 888 1700 928 υ
1745 870 1892 947 etc.;
1936 866 2276 933 dicendum

737 972 911 1057 quod
951 973 1198 1037 ratione
1240 973 1536 1055 potentiae
1558 1023 1578 1055 ,
1629 977 1692 1039 et
1741 974 1987 1040 notitiae
2041 974 2238 1039 simul
2253 1024 2272 1057 ,

738 1080 892 1163 quia
912 1079 1033 1144 ista
1053 1080 1181 1146 duo
1208 1085 1604 1147 concurrunt
1625 1083 1707 1148 ad
1727 1085 2040 1148 rationem
2064 1100 2277 1147 exem-

738 1187 932 1271 plaris
960 1209 976 1254 ε
1018 1205 1152 1252 non
1190 1189 1366 1253 enim
1404 1194 1499 1254 est
1535 1190 1861 1274 exemplar
1894 1190 2061 1256 Deus
2083 1238 2102 1272 ,
2151 1192 2275 1256 nisi

739 1316 965 1363 eorum
990 1316 1136 1382 quae
1160 1301 1485 1382 cognoscit
1511 1305 1576 1366 et
1600 1305 1823 1384 potest.

819 1411 878 1470 3.
905 1408 1002 1472 Ad
1028 1407 1186 1472 illud
1209 1409 1385 1491 quod
1399 1408 1720 1492 objicitur,
1748 1409 1921 1493 quod
1945 1409 2141 1475 resin
2163 1410 2274 1474 illo

739 1515 1091 1598 exemplari
1099 1521 1639 1599 repraesentantur
1650 1522 1726 1582 ut
1741 1522 1915 1598 sunt3
1933 1518 2274 1583 dicendum

737 1623 910 1705 quod
934 1641 1162 1689 verum
1203 1629 1299 1689 est
1336 1641 1353 1688 τ
1395 1629 1609 1689 tamen
1643 1643 1774 1690 non
1794 1628 2058 1707 =oportet
2102 1625 2275 1708 quod

736 1730 900 1795 ratio
917 1733 1490 1814 repraesentationis
1507 1732 1593 1797 sit
1616 1731 1759 1797 talis
1777 1733 2064 1813 omnino,
2087 1731 2274 1815 quale

739 1840 1394 1920 estrepraesentatum,
1411 1840 1575 1904 sicut
1590 1858 1785 1922 supra
1799 1843 2131 1904 ostensum
2139 1841 2233 1903 est
2251 1855 2269 1899 ε

739 1947 805 2008 et
821 1944 962 2010 ideo
984 1946 1147 2011 sicut
1170 1947 1597 2029 corporalium
1615 1951 1710 2012 est
1735 1948 1876 2012 idea
1901 1947 2270 2030 spiritualis,

739 2051 829 2115 ita
853 2070 984 2116 non
1006 2053 1372 2119 viventium
1398 2054 1645 2122 vivens.

818 2164 881 2224 4.
903 2159 997 2225 Ad
1022 2160 1183 2226 illud
1195 2162 1369 2245 quod
1393 2161 1623 2228 ultimo
1649 2162 1985 2245 quaeritur,
2016 2184 2047 2223 α
2066 2160 2273 2238 Quare

738 2267 949 2348 magis
973 2268 1275 2334 dicuntur
1300 2287 1402 2334 res
1438 2288 1573 2335 esse
1613 2270 1683 2333 in
1716 2268 1844 2334 Deo
1872 2268 2032 2348 vita,
2076 2285 2274 2351 quam

739 2375 890 2456 alia3
917 2400 948 2435 ³>
977 2377 1319 2444 dicendum
1344 2378 1539 2462 quod,
1567 2378 1865 2463 quamvis
1889 2378 2273 2462 praedictum

737 2486 1012 2551 verbum
1030 2488 1265 2552 multas
1288 2488 1521 2553 habeat
1545 2486 1991 2571 expositiones,
2020 2505 2150 2569 quo
2175 2485 2271 2551 di-

738 2592 904 2657 citur
935 2612 951 2658 ε
987 2595 1167 2670 Quod
1212 2597 1454 2678 tactum
1480 2602 1602 2676 esc,
1639 2587 1886 2678 inipso
1912 2597 2055 2663 vita
2084 2599 2224 2661 erat
2242 2615 2270 2675 ,-

736 2702 954 2766 tamen
983 2704 1337 2785 specialiter
1360 2705 1525 2770 eirca
1544 2705 1669 2771 hoe
1692 2705 1971 2770 verbum
1997 2704 2274 2768 oonside-

735 2809 938 2874 randa
960 2814 1056 2873 est
1093 2812 1330 2876 veritas
1356 2812 1539 2893 dicti,
1570 2815 1636 2877 et
1661 2812 1822 2877 ratio
1849 2811 2119 2877 dicendi.
2146 2810 2275 2876 Ve-

735 2914 891 2980 ritas
925 2916 1112 2996 dicti,
1151 2920 1227 2982 ut
1269 2918 1417 2983 dicit
1462 2920 1870 3001 Augustinus
1894 2923 1936 3000 ¹,
1978 2923 2074 2983 est
2099 2919 2272 3001 quod

736 3040 960 3088 omnes
983 3042 1089 3089 res
1113 3025 1294 3090 factae
1321 3044 1361 3091 a
1385 3025 1515 3091 Deo
1539 3075 1559 3107 ,
1588 3027 1694 3091 vel
1719 3028 1913 3091 etiam
1940 3027 2270 3110 possibiles

735 3128 875 3193 fieri
896 3178 914 3207 ‚
942 3131 1182 3196 habent
1223 3133 1499 3198 rationes
1541 3152 1656 3217 per
1694 3152 1855 3216 quas
1897 3133 2269 3215 intelligun-

734 3240 844 3302 tur
875 3257 893 3302 ε
922 3257 1070 3321 quae
1095 3240 1356 3323 quidem
1383 3243 1659 3308 rationes
1685 3243 1903 3308 vivere
1930 3242 2228 3307 dicuntur
2245 3287 2268 3320 ,

736 3346 892 3427 quia
916 3351 1068 3412 sunt
1102 3348 1172 3412 in
1199 3348 1551 3413 substantia
1577 3351 1839 3415 vivente
1855 3400 1874 3430 ,
1914 3351 2270 3415 secundum

733 3455 908 3536 quod
932 3456 1158 3521 vivens
1184 3478 1201 3520 :
1234 3461 1298 3522 et
1322 3460 1475 3520 sunt
1501 3457 1692 3522 etiam
1716 3459 1877 3522 ratio
1902 3458 2271 3540 intelligen-

733 3562 797 3626 di
819 3611 837 3641 ,
876 3564 988 3647 qui
1034 3567 1131 3629 est
1155 3568 1333 3628 actus
1370 3564 1522 3629 vitae
1561 3587 1577 3630 ι
1619 3570 1682 3630 et
1722 3565 1863 3630 ideo
1908 3565 1980 3628 in
2023 3565 2269 3629 artifice

732 3673 943 3734 creato
970 3670 1271 3735 dicuntur
1296 3670 1535 3736 vivere.
1568 3671 1688 3736 Sed
1713 3672 1783 3734 in
1807 3670 1935 3736 Deo
1962 3689 2098 3736 non
2124 3674 2268 3736 tan-

730 3779 875 3841 tum
913 3777 1213 3843 dicuntur
1239 3778 1491 3858 vivere,
1527 3778 1637 3843 sed
1679 3779 1874 3844 etiam
1917 3779 2055 3862 ipsa
2082 3779 2215 3843 vita
2240 3826 2259 3856 ,

731 3884 885 3967 quia
918 3885 1055 3968 ipsa
1080 3885 1243 3950 ratio
1275 3887 1693 3969 cognoscendi
1724 3893 1819 3951 est
1857 3887 1999 3970 ipsa
2027 3887 2265 3952 intelli-

730 3993 971 4073 gentia.
1001 3992 1183 4058 Ratio
1209 3997 1424 4059 antem
1453 3994 1698 4059 dicendi
1740 3995 1859 4059 fuit
1884 3995 2025 4059 haee
2056 4018 2072 4060 ε
2105 3995 2266 4060 Cum

729 4102 908 4166 enim
929 4121 1031 4167 res
1054 4104 1329 4169 habeant
1344 4122 1479 4169 esse
1499 4105 1570 4169 in
1594 4104 1742 4182 Deo,
1760 4108 1823 4169 et
1844 4104 1916 4167 in
1932 4104 2261 4186 universe,

728 4212 792 4273 et
830 4209 1249 4277 diversimode
1281 4231 1301 4292 ;
1356 4213 1509 4295 quia
1559 4213 1804 4296 aliquas
1851 4213 2268 4296 proprietates

726 4314 965 4380 habent
980 4319 1331 4383 secundum
1349 4319 1712 4384 existentias
1727 4320 1797 4383 in
1815 4319 2082 4397 mundo,
2108 4334 2258 4402 quae

725 4440 860 4487 non
895 4429 1266 4508 competunt
1297 4426 1389 4492 eis
1414 4428 1769 4492 secundum
1797 4427 1972 4510 quod
1999 4438 2153 4491 sunt
2190 4427 2261 4491 in

729 4531 896 4611 Deo;
934 4532 1079 4598 ideo
1122 4553 1255 4599 non
1297 4536 1509 4600 solum
1545 4535 1705 4599 dixit
1743 4554 1759 4599 ε
1799 4537 1977 4610 Quod
2006 4537 2258 4617 factum

728 4645 853 4721 est,
890 4641 967 4705 in
1006 4642 1148 4723 ipso
1185 4647 1323 4708 erat
1355 4664 1381 4707 .·
1413 4642 1521 4707 sed
1552 4644 1722 4722 vita,
1755 4646 1830 4706 ut
1866 4659 2092 4707 omnes
2128 4641 2255 4706 illae

726 4747 1115 4814 conditiones
1152 4750 1666 4816 excluderentur.
1710 4748 2032 4815 Creaturae
2085 4749 2261 4814 enim

724 4855 795 4918 in
838 4855 1081 4920 mundo
1132 4856 1370 4921 habent
1425 4874 1560 4922 esse
1623 4855 1949 4939 corporale
1967 4903 1987 4936 ,
2043 4856 2260 4919 varia·-

725 4961 852 5027 bile
913 4966 977 5028 et
1031 4963 1458 5046 corruptibile.
1517 4963 1833 5041 Quoniam
1887 4962 2063 5027 enim
2123 4962 2258 5027 vita

725 5073 821 5134 est
846 5075 1027 5137 actus
1048 5071 1391 5155 spiritualis
1417 5076 1481 5136 et
1523 5071 1865 5137 eontinuus
1881 5119 1900 5149 ,
1932 5070 2142 5135 fluens
2178 5068 2261 5133 ab

792 5197 811 5233 ¹
846 5198 1080 5263 August„
1121 5197 1183 5248 de
1223 5196 1477 5250 Lxxxm
1517 5197 1698 5260 Quoest.
1736 5210 1791 5262 q.
1827 5208 1968 5248 vaz.
2002 5222 2068 5234 —
2109 5197 2132 5231 ¹
2174 5195 2258 5260 Cf.

734 5266 790 5318 S.
827 5269 1031 5335 Thom.‚
1073 5285 1128 5336 p.
1171 5272 1222 5335 1,
1262 5284 1314 5336 q.
1352 5282 1470 5334 xlv,
1522 5272 1618 5320 art.
1659 5272 1720 5333 53
1768 5271 1821 5319 et
1864 5269 1885 5318 1
1927 5269 2087 5329 sent„
2137 5267 2258 5318 dist.

2386 551 2533 613 ente
2558 548 2774 631 quieto
2809 553 2874 615 et
2898 550 3282 633 sempiterno
3303 598 3322 631 ,
3351 551 3596 617 dictum
3630 553 3728 615 est
3749 550 3920 634 quod

2386 671 2490 719 1·ae
2517 659 2666 719 sunt
2698 655 2770 722 in
2796 655 2923 721 Deo
2953 657 3089 722 vita
3106 705 3124 735 ‚
3154 662 3231 722 ut
3255 676 3371 741 per
3408 658 3921 741 spiritualitatem

2385 761 2760 827 excludatur
2799 764 3181 846 corporeitas
3195 812 3213 844 ,
3246 783 3362 848 per
3397 766 3680 849 quietem
3708 766 3922 832 varia-

2385 867 2594 933 bilitas
2611 915 2631 949 ,
2660 887 2774 951 per
2806 871 3372 954 sempiternitatem
3395 872 3918 957 corruptibilitas.

2933 1109 3290 1189 QUAESTIO
3331 1111 3410 1178 II.

2383 1270 2478 1326 An
2515 1285 2598 1328 ree
2622 1275 2801 1330 verius
2838 1288 2944 1332 etse
2980 1273 3216 1331 habeant
3249 1277 3311 1331 in
3339 1277 3473 1346 Deo,
3514 1292 3676 1350 quam
3702 1279 3766 1334 in
3788 1292 3924 1350 pro-

2942 1366 3069 1434 prio
3093 1378 3279 1434 qenere
3304 1359 3347 1419 ².
3437 1389 3442 1396 ·

2464 1509 2807 1577 Utrumres
2823 1512 2950 1575 sint
2974 1513 3045 1577 ‘m
3067 1513 3194 1578 Deo
3216 1513 3455 1592 verius,
3472 1533 3669 1598 quam
3685 1516 3756 1579 in
3773 1516 3927 1581 uni-
3956 1538 4032 1583 Aa
4068 1551 4125 1596 op

2383 1636 2567 1683 verso
2594 1618 2732 1685 sive
2756 1620 2828 1684 in
2847 1621 3105 1703 proprio
3133 1639 3369 1702 genere
3387 1641 3406 1702 ;
3427 1625 3491 1687 et
3515 1622 3687 1705 quod
3705 1625 3925 1689 verius

2382 1727 2512 1791 sint
2545 1727 2615 1792 in
2639 1727 2766 1793 Deo
2784 1777 2801 1807 ,
2831 1729 3085 1793 videtur
3109 1747 3222 1812 per
3253 1729 3696 1810 Augustinum
3728 1746 3927 1814 super

2387 1833 2674 1902 Genesim
2701 1835 2792 1902 ad
2816 1835 3096 1902 litteram
3115 1836 3137 1872 ⁸
3167 1858 3192 1901 .·
3218 1858 3249 1897 α
3271 1835 3518 1912 Omnia,
3545 1836 3927 1920 priusquam

2381 1943 2606 2008 flerent
2623 1989 2640 2020 ‚
2671 1946 2852 2009 erant
2876 1944 2946 2008 in
2972 1942 3198 2007 notitia
3235 1940 3562 2007 facientis:
3593 1947 3657 2006 et
3695 1945 3928 2027 utique

2381 2049 2472 2114 ibi
2503 2050 2776 2131 veriora,
2798 2050 2912 2115 ubi
2936 2053 3175 2115 aeterna
3201 2053 3265 2114 et
3287 2048 3862 2116 incommutabilia.
3885 2073 3918 2112 n

2460 2162 2523 2222 2.
2551 2157 2740 2237 Item,
2769 2157 3280 2240 unumquodque
3295 2204 3313 2236 ,
3341 2155 3507 2221 sicut
3530 2173 3599 2220 se
3621 2155 3814 2222 habet
3837 2158 3929 2222 ad

2382 2283 2540 2342 esse,
2567 2265 2657 2330 ita
2681 2265 2760 2331 ad
2788 2264 3219 2346 cognitionem
3233 2268 3298 2328 *ε
3327 2263 3438 2328 sed
3463 2264 3775 2328 creaturae
3797 2281 3923 2328 ve·

2380 2377 2520 2443 rius
2543 2382 3022 2460 cognoscuntur
3045 2377 3116 2442 in
3142 2377 3269 2442 Deo
3292 2424 3309 2455 ‚
3340 2394 3539 2460 quam
3564 2375 3635 2440 in
3659 2378 3927 2460 proprio

2382 2503 2618 2567 genere
2646 2506 2662 2549 ε
2698 2503 2858 2567 ergo
2890 2488 2954 2550 et
2974 2485 3192 2549 verius
3218 2482 3461 2548 suntin
3487 2482 3635 2547 Deo.

2462 2596 2523 2656 3.
2555 2592 2713 2657 Item
2737 2640 2753 2669 ‚
2784 2611 2976 2658 omne
2999 2591 3173 2674 quod
3218 2590 3417 2655 estin
3442 2590 3700 2674 aliquo,
3726 2595 3822 2656 est
3850 2591 3928 2657 in

2381 2715 2460 2765 eo
2501 2717 2617 2781 per
2645 2699 2908 2764 modum
2949 2699 3188 2783 ejusin
3223 2698 3517 2781 quoest⁸
3552 2699 3708 2763 :sed
3746 2698 3925 2765 Deus

2381 2813 2476 2873 est
2513 2810 2584 2873 in
2623 2810 2951 2876 infinitum
2993 2810 3270 2876 nobilior
3309 2812 3550 2875 mundo
3585 2833 3602 2875 ι
3639 2829 3802 2893 ergo
3846 2813 3924 2876 in

2378 2916 2703 2984 infinitum
2727 2919 3022 2985 nobiliori
3055 2925 3120 2984 et
3146 2919 3384 2985 veriori
3422 2920 3612 2984 modo
3638 2925 3790 2985 sunt
3813 2939 3925 2987 ιω

2379 3023 2449 3088 in
2476 3024 2604 3090 Deo
2626 3074 2644 3106 ,
2678 3045 2874 3108 quam
2898 3028 2968 3091 in
2996 3026 3320 3094 universo.

2456 3138 2519 3198 4.
2564 3133 2720 3199 Item
2738 3184 2755 3215 ,
2786 3135 3062 3200 nobilius
3086 3138 3148 3200 et
3173 3135 3392 3201 verius
3417 3138 3512 3200 est
3550 3154 3686 3201 esse
3713 3136 3868 3202 vitae
3897 3186 3918 3218 ,

2378 3259 2574 3325 quam
2614 3261 2746 3307 non
2784 3243 3059 3309 viventis
3099 3264 3115 3307 :
3162 3244 3272 3308 sed
3313 3243 3532 3308 omnia
3570 3244 3805 3309 vivunt
3847 3245 3922 3309 in

2376 3348 2503 3413 Deo
2525 3396 2544 3426 ,
2575 3353 2648 3414 ut
2672 3367 2867 3432 supra
2894 3353 3315 3415 monstratum
3344 3355 3472 3429 est,
3521 3369 3654 3416 non
3698 3357 3922 3417 autem

2374 3457 2446 3521 in
2473 3475 2710 3539 genere
2735 3458 2995 3541 proprio
3024 3479 3039 3522 ε
3067 3477 3227 3540 ergo
3245 3507 3261 3536 ‚
3287 3463 3408 3524 ete.

2457 3566 2724 3630 Contra:
2755 3564 2983 3631 Verius
3008 3569 3102 3630 est
3130 3584 3231 3631 res
3256 3566 3372 3631 ubi
3401 3570 3494 3631 est
3519 3567 3918 3650 simpliciter,
3941 3582 4125 3632 ranam

2375 3690 2575 3755 quam
2600 3672 2714 3736 ubi
2740 3676 2835 3737 est
2860 3673 3066 3737 solum
3095 3673 3447 3737 secundum
3483 3674 3635 3756 quid
3665 3697 3682 3739 ε
3713 3675 3823 3740 sed
3850 3677 3921 3740 'm

2375 3778 2502 3844 Deo
2529 3779 2737 3845 solum
2759 3779 2991 3844 dicitur
3017 3798 3152 3844 esse
3176 3781 3532 3846 secundum
3558 3781 3738 3864 quid,
3763 3783 3922 3866 quia

2373 3903 2506 3950 non
2549 3885 2839 3968 sequitur
2872 3908 2888 3951 t
2942 3910 2973 3949 α
3016 3887 3254 3951 Asinus
3296 3892 3393 3951 est
3435 3888 3503 3951 in
3549 3887 3674 3953 Deo
3692 3935 3712 3969 ,
3759 3907 3922 3970 ergo

2374 3994 2591 4057 asinus
2611 3996 2739 4059 est:
2762 4015 2793 4053 n
2817 3994 3013 4059 sedin
3032 3995 3292 4077 proprio
3310 4013 3551 4077 genere
3578 3998 3731 4061 sunt
3755 3996 3920 4060 sim-

2374 4101 2618 4183 pliciter
2647 4120 2665 4165 :
2694 4119 2852 4183 ergo
2875 4102 3117 4168 verius,

2451 4206 2612 4272 Item
2628 4256 2646 4287 ‚
2694 4209 2913 4273 verius
2956 4212 3050 4273 est
3091 4227 3226 4288 res,
3274 4212 3387 4276 ubi
3428 4215 3524 4276 aet
3561 4212 3920 4277 seeundum

2372 4315 2685 4399 principia
2716 4317 3058 4383 intrinseca
3091 4321 3156 4382 et
3190 4319 3488 4402 proxima
3511 4368 3530 4399 ,
3564 4337 3761 4402 quam
3801 4319 3920 4383 ubi

2372 4424 2565 4489 estin
2606 4424 2920 4507 principio
2949 4425 3305 4492 extrinseco
3350 4431 3413 4492 et
3455 4430 3702 4492 remoto
3747 4448 3764 4491 t
3801 4427 3914 4493 sed

2371 4549 2473 4595 res
2501 4531 2572 4595 in
2607 4532 2850 4596 mundo
2888 4536 3040 4596 sunt
3071 4534 3425 4599 secundum
3460 4533 3772 4618 principia
3807 4534 3915 4599 in-

2370 4639 2671 4719 trinseca,
2707 4640 2775 4703 in
2802 4638 2928 4704 Deo
2965 4644 3180 4705 autem
3206 4644 3285 4707 ut
3325 4643 3395 4706 in
3432 4641 3744 4725 principio
3784 4660 3912 4707 ex-

2369 4747 2642 4811 trinseco
2673 4767 2689 4811 ε
2719 4762 2909 4826 ergo,
2940 4749 3059 4810 ete.

2450 4851 2632 4930 Item,
2655 4853 2871 4917 verius
2895 4855 2989 4916 est
3009 4870 3113 4918 res
3131 4852 3244 4917 ubi
3270 4858 3367 4919 est
3387 4855 3742 4921 secundum
3762 4874 3912 4940 pro-

2368 4960 2576 5043 priam
2593 4960 2940 5041 entitatem,
2967 4978 3165 5044 quam
3183 4962 3297 5027 ubi
3314 4962 3525 5028 solum
3550 4964 3910 5030 secundum

2368 5121 2485 5173 dist.
2506 5132 2667 5185 xxxv,
2695 5136 2747 5186 q.
2772 5134 2866 5187 1113
2898 5122 3074 5186 steph.
3098 5122 3307 5183 Bruler„
3336 5124 3354 5175 1
3384 5124 3542 5186 Sent„
3572 5123 3907 5191 dist.xxxv1,

2369 5207 2421 5257 q.
2444 5204 2527 5257 1v;
2565 5194 2743 5244 Petrus
2770 5195 2834 5244 de
2859 5197 3085 5258 Tar-ant„
3128 5195 3146 5243 I
3180 5195 3338 5254 Seni„
3378 5194 3496 5245 dist.
3519 5205 3684 5246 xxxn
3699 5233 3718 5259 ,
3749 5210 3802 5262 q.
3828 5207 3906 5247 tv.

2367 5264 2633 5329 —2Aug.,
2661 5264 2722 5314 de
2749 5266 2920 5317 Genea.
2945 5264 3017 5316 ad
3042 5265 3170 5329 litt„
3195 5265 3285 5315 lib.
3310 5265 3384 5330 V,
3414 5280 3463 5316 e.
3482 5277 3572 5318 xv.
3593 5292 3657 5306 -
3686 5267 3710 5304 δ
3726 5266 3904 5334 Arist,

725 5350 896 5405 nn,
938 5355 992 5407 q.
1015 5354 1069 5406 1,
1097 5346 1195 5394 art.
1217 5345 1277 5406 23
1308 5345 1364 5394 et
1394 5342 1455 5393 de
1487 5341 1663 5405 Verit„
1698 5354 1751 5406 q.
1776 5352 1846 5422 ιι,
1875 5342 1972 5391 art.
1993 5342 2056 5404 ις
2085 5337 2257 5403 AEgid.
2364 5336 2641 5401 metaphys.
2670 5336 2843 5402 mnu,
2867 5336 3362 5402 cont-4.-⁸Ar18t.,
3386 5336 3448 5389 de
3468 5340 3673 5405 Anima,
3698 5339 3904 5405 lib.111,

725 5411 946 5483 Rom.,1
978 5414 1137 5478 Seue,
1177 5414 1297 5467 dist.
1320 5425 1489 5480 un,
1525 5427 1578 5483 q.
1607 5424 1669 5467 111
1683 5426 1703 5478 ς
1745 5412 2003 5479 Μῶα-τὼ,
2046 5412 2067 5462 1
2097 5412 2258 5475 δαΐ»

2369 5413 2509 5462 cont.
2530 5410 2578 5462 4.
