4125 6225
1048 441 1244 510 DIST.
1287 439 1446 506 xlv.
1491 435 1724 504 PART.
1768 433 1818 499 1.
1862 431 2046 499 ΛΒΤ.
2092 435 2172 502 Π.
2212 436 2511 515 QUAEST.
2557 439 2635 505 ΙΙ.

255 582 418 661 Quia
445 581 622 648 enim
646 578 948 646 animalia
971 581 1316 645 moventur
1340 596 1380 640 a
1403 578 1650 641 motore
1671 570 1790 634 sibi

256 692 437 756 unito
448 709 469 771 3
511 690 653 754 ideo
696 687 996 753 dextrum
1021 689 1086 750 et
1110 686 1442 749 sinistrum
1478 680 1634 747 dicit
1661 679 1794 743 dis-

254 798 630 861 tinctionem
655 796 726 859 in
749 793 1037 877 partibus
1068 792 1468 870 animalium,
1510 790 1599 852 ita
1620 785 1793 869 quod

255 904 366 969 illa
392 922 561 986 pam,
579 921 728 985 quae
757 901 946 965 modo
963 904 1057 964 est
1075 901 1321 977 dextra,
1348 913 1684 978 nunquam
1700 896 1793 956 est

254 1011 530 1089 sinistra,
561 1009 714 1092 quia
737 1008 1144 1073 uniformiter
1169 1010 1470 1089 operatur
1487 1004 1566 1068 ad
1593 1001 1794 1085 ipsius

253 1118 519 1183 motoris
545 1115 971 1194 influentiam,
993 1132 1108 1196 pro
1136 1133 1212 1178 eo
1242 1113 1414 1196 quod
1438 1113 1652 1194 ipsum
1675 1109 1796 1172 ha-

252 1225 358 1288 bet
385 1225 506 1288 sibi
551 1224 830 1303 unitum,
880 1228 944 1287 et
982 1239 1319 1304 nunquam
1350 1220 1432 1283 ab
1476 1237 1553 1283 eo
1585 1216 1797 1297 magis

254 1334 613 1415 elongatur.
668 1332 911 1414 Corpus
966 1348 1120 1396 vero
1172 1330 1423 1394 coeleste
1481 1327 1797 1390 motorem

252 1437 448 1503 habet
463 1443 851 1521 separatum,
872 1456 1023 1501 cum
1044 1453 1175 1500 non
1196 1436 1278 1499 sit
1300 1452 1531 1516 corpus
1554 1432 1797 1496 anima-

253 1550 420 1626 tum,
452 1548 619 1611 sicut
638 1549 853 1629 postea
870 1546 890 1582 ¹
918 1544 1237 1612 videbitur
1260 1566 1276 1608 ε
1300 1547 1364 1607 et
1387 1542 1528 1608 ideo
1557 1543 1792 1617 motor,

253 1654 609 1719 secundum
650 1653 760 1717 Dei
804 1653 1279 1736 dispositionem
1297 1699 1317 1731 ‚
1359 1650 1793 1733 principaliter

251 1762 466 1826 influit
496 1781 580 1827 ex
604 1762 820 1845 aliqua
839 1764 1020 1844 parte
1046 1761 1210 1838 coeli,
1240 1764 1304 1825 et
1328 1760 1605 1824 creditur
1635 1776 1791 1840 pro-

251 1869 544 1934 habiliter
588 1870 761 1953 quod
803 1869 873 1932 in
914 1887 991 1933 ea
1039 1874 1214 1952 parte
1232 1916 1250 1946 ‚
1297 1886 1380 1931 ex
1415 1885 1546 1949 qua
1583 1870 1797 1930 motus

254 1996 598 2061 corporum
639 1979 989 2043 coelestium
1032 1980 1241 2061 primo
1283 1978 1471 2042 nobis
1513 1980 1794 2060 apparet,

256 2091 476 2170 utpote
501 2087 571 2149 in
596 2086 864 2162 oriente,
903 2104 1053 2149 cum
1086 2086 1304 2149 omnia
1339 2102 1606 2166 corpora
1639 2083 1802 2146 facta

256 2193 387 2257 sint
401 2196 658 2276 propter
679 2192 1042 2271 hominem;
1066 2196 1130 2256 et
1146 2192 1300 2273 quia
1317 2195 1528 2256 motor
1548 2207 1800 2272 semper

253 2315 338 2361 ex
365 2297 474 2361 illa
488 2302 667 2380 parte
687 2297 899 2360 influit
921 2297 1344 2376 uniformiter,
1371 2312 1799 2379 quaecumque

255 2422 404 2487 pars
430 2404 517 2467 ibi
542 2405 762 2472 veniat
781 2403 1234 2482 immediatiuS,
1261 2407 1326 2467 et
1347 2404 1797 2486 propinquius,

257 2511 519 2593 suscipit
544 2510 810 2576 motoris
836 2509 1280 2577 influentiam:
1305 2515 1369 2574 et
1384 2510 1527 2575 ideo
1548 2530 1800 2595 semper

259 2622 354 2681 est
387 2618 477 2681 ibi
525 2618 769 2698 dextra,
817 2636 939 2682 nec
978 2621 1268 2683 mutatur
1314 2636 1464 2683 cum
1507 2620 1801 2700 partibus

262 2724 624 2802 mobilibus,
646 2743 764 2808 pro
793 2743 871 2791 eo
888 2726 1060 2808 quod
1083 2744 1213 2790 non
1234 2729 1330 2790 est
1346 2725 1668 2808 dispositio
1695 2729 1804 2793 ab·

264 2830 494 2911 soluta,
540 2831 651 2896 sed
691 2831 889 2896 relata
935 2832 1017 2897 ad
1062 2834 1325 2899 motoris
1369 2832 1798 2910 influentiam,

266 2956 393 3019 que
417 2957 670 3021 semper
693 2944 910 3013 manet
942 2941 1111 3004 fixa:
1147 2944 1211 3005 et
1245 2959 1361 3024 per
1388 2940 1509 3005 hoc
1536 2941 1804 3006 modum

267 3043 443 3109 locus
472 3045 812 3130 cujuslibet
853 3048 948 3112 rei
987 3048 1220 3115 dicitur
1257 3066 1393 3115 esse
1434 3050 1822 3131 immobilis„

267 3158 523 3238 propter
564 3155 708 3237 hoc,
758 3156 932 3239 quod
977 3155 1130 3221 dicit
1167 3156 1365 3221 situm
1397 3157 1674 3223 relatum
1721 3159 1806 3224 ad

269 3264 562 3325 centrum
614 3267 678 3327 et
718 3262 1296 3327 circumferentiam
1338 3264 1567 3329 mundi
1583 3313 1602 3344 ‚
1650 3284 1801 3347 quae

268 3384 608 3451 nunquam
629 3372 895 3452 pofflunt
919 3370 1190 3437 moveri.
1222 3369 1321 3434 Ex
1346 3371 1664 3454 praedictis
1688 3392 1801 3455 pa-

269 3478 358 3539 tet
380 3477 647 3559 quaestio
675 3475 1018 3560 proposita,
1058 3481 1229 3559 patet
1257 3479 1453 3543 etiam
1481 3482 1808 3562 responsio

269 3581 349 3646 ad
386 3583 654 3665 objecta.
685 3584 1171 3650 concedendum
1215 3588 1313 3649 est
1337 3584 1513 3649 enim
1542 3587 1714 3669 quod
1739 3588 1812 3653 in

271 3688 426 3753 coelo
446 3690 529 3753 sit
549 3690 771 3755 dextra
795 3693 859 3755 et
879 3690 1156 3755 sinistra.
1177 3691 1258 3756 Et
1276 3693 1556 3757 rationes
1576 3694 1657 3758 ad
1685 3694 1809 3759 hoc

271 3796 549 3861 inductae
577 3797 866 3862 similiter
892 3799 1307 3863 concedendae
1329 3805 1501 3878 sunt,
1523 3801 1676 3883 quia
1700 3820 1810 3866 ve-

270 3919 421 3967 rum
450 3901 859 3985 concludunt,
889 3905 1034 3968 licet
1059 3905 1247 3970 tertia
1288 3906 1450 3970 ratio
1490 3911 1744 3990 sumpta
1771 3925 1811 3972 a

271 4009 775 4077 dimensionibus
801 4013 1096 4095 procedat
1120 4013 1202 4077 ab
1229 4013 1656 4079 insufficienti.

355 4124 416 4182 1.
444 4119 544 4184 Ad
567 4120 726 4185 illud
751 4138 906 4185 vero
933 4122 1107 4203 quod
1132 4122 1429 4204 objicitur
1454 4122 1527 4185 in
1550 4127 1809 4188 contra-

273 4228 468 4307 rium,
499 4226 671 4310 quod
715 4227 935 4309 planta
972 4247 1107 4295 non
1143 4229 1337 4294 habet
1376 4230 1703 4295 dexteram
1747 4236 1814 4296 et

274 4335 615 4416 sinistram,
646 4336 944 4418 quamvis
983 4336 1067 4400 sit
1099 4337 1441 4418 organica3
1468 4337 1813 4404 dicendum

275 4442 447 4525 quod
476 4442 775 4509 dextrum
817 4447 882 4506 et
919 4443 1250 4508 sinistrum
1276 4461 1412 4508 non
1449 4444 1596 4509 facit
1632 4446 1815 4527 prin-

276 4549 556 4632 cipaliter
602 4551 1044 4615 membrorum
1085 4551 1433 4632 distinctim
1478 4553 1602 4617 hoc
1640 4555 1816 4619 enim

276 4657 524 4736 accidit,
555 4661 618 4722 et
647 4661 1008 4742 frequenter
1053 4658 1395 4741 contingit,
1426 4660 1599 4742 quod
1641 4665 1698 4744 ej
1706 4681 1818 4726 us-

278 4763 425 4828 dem
452 4765 876 4849 dispositionis
899 4769 994 4830 est
1017 4767 1259 4831 animal
1281 4767 1352 4831 in
1386 4773 1565 4849 parte
1593 4769 1819 4836 dextra

280 4873 344 4935 et
368 4872 623 4937 sinistra
652 4898 667 4937 ι
708 4874 817 4938 sed
846 4874 969 4939 hoc
997 4874 1141 4939 facit
1168 4874 1521 4939 influentiae
1557 4878 1820 4942 motoris

281 4979 686 5064 principalior
713 4984 777 5045 et
816 4981 1031 5046 minus
1076 4982 1441 5064 principalis
1476 4986 1816 5067 susceptio,

283 5089 635 5153 secundum
661 5108 858 5172 quam
883 5090 1234 5154 attenditur
1257 5090 1576 5156 inchoatio
1608 5096 1822 5161 motus

284 5199 348 5260 et
365 5198 726 5264 terminatio
757 5221 775 5264 ε
804 5204 868 5264 et
890 5199 980 5264 sic
1004 5199 1320 5282 reperitur
1350 5202 1423 5265 in
1446 5200 1631 5267 coelo.

359 5310 422 5371 2.
451 5307 551 5372 Ad
573 5308 734 5373 illud
758 5309 930 5392 quod
953 5308 1272 5392 objicitur,
1303 5309 1474 5391 quod
1515 5310 1817 5375 dextrum

351 5435 579 5494 ²Quaest.
597 5448 786 5501 seq.—-
808 5435 1021 5500 ⁸Arist.,
1047 5435 1110 5488 de
1135 5434 1291 5499 coeto,
1313 5437 1456 5489 cont.
1475 5438 1505 5490 4
1533 5439 1588 5488 et
1613 5439 1663 5488 5.

3330 449 3449 512 575

1902 574 1966 633 et
1986 571 2320 638 sinistrum
2346 575 2416 638 in
2443 575 2627 640 nobis
2651 579 2746 641 est
2781 594 2820 641 a
2846 577 3258 660 qualitatibus
3292 581 3444 645 acti-

1903 677 2003 740 vis
2030 682 2095 743 et
2112 682 2377 763 passivis
2402 702 2419 762 ;
2441 684 2581 765 jam
2609 687 2783 766 patet
2814 684 3143 766 responsio
3168 705 3251 750 ex
3277 705 3443 769 prae-

1904 784 2105 865 dictis,
2135 787 2287 869 quia
2309 788 2609 854 dextrum
2638 795 2703 856 et
2719 791 3051 855 sinistrum
3082 791 3152 856 in
3184 793 3443 858 anima-

1903 891 2073 957 libus
2097 903 2490 963 concernunt
2512 904 2721 982 partes
2742 900 3214 982 determinatas,
3242 921 3448 986 prop-

1903 1002 2003 1064 ter
2028 1002 2337 1069 unionem
2365 1007 2632 1071 motoris
2671 1008 2752 1073 ad
2776 1008 3013 1073 mobile
3032 1059 3049 1088 ,
3079 1027 3211 1074 non
3238 1010 3449 1074 solum

1904 1127 2020 1190 per
2046 1112 2313 1176 modum
2352 1115 2635 1195 motoriS,
2667 1116 2776 1181 sed
2807 1118 3000 1181 etiam
3027 1135 3142 1199 per
3182 1118 3451 1182 modum

1904 1218 2303 1298 perfectionis
2334 1239 2351 1284 ε
2388 1226 2451 1285 et
2475 1221 2617 1287 ideo
2645 1223 2725 1288 ad
2755 1225 2877 1288 hoc
2895 1273 2911 1301 ‚
2938 1224 3111 1307 quod
3134 1242 3267 1288 una
3304 1241 3453 1307 pars

1905 1323 2117 1404 magis
2145 1326 2448 1409 suscipiat
2478 1329 2883 1394 influentiam
2919 1331 3203 1410 motoris,
3232 1330 3455 1413 requi-

1904 1431 2069 1496 ritur
2096 1432 2421 1517 dispositio
2448 1437 2574 1501 alia
2609 1442 2671 1502 et
2710 1437 2834 1501 alia
2852 1487 2869 1516 ,
2898 1456 3046 1521 quae
3079 1439 3340 1522 quidem
3369 1438 3454 1501 sit

1905 1557 2018 1621 per
2057 1542 2391 1622 qualitates
2434 1546 2674 1610 activas
2717 1550 2781 1610 et
2818 1547 3103 1628 passivas
3137 1565 3155 1611 ε
3200 1547 3270 1610 in
3297 1546 3451 1611 caelo

1903 1649 2122 1710 autem
2149 1666 2282 1713 non
2309 1650 2400 1713 sic
2421 1655 2537 1728 est,
2563 1651 2726 1716 sicut
2752 1655 3078 1716 ostensum
3108 1656 3203 1716 est
3231 1668 3447 1734 supra.

1986 1758 2046 1818 3.
2079 1754 2179 1818 Ad
2205 1755 2364 1821 illud
2390 1757 2562 1840 quod
2605 1758 2921 1841 objicitur,
2951 1758 3122 1841 quod
3148 1759 3453 1824 dextrum

1905 1865 1970 1926 et
1994 1862 2324 1927 sinistrum
2353 1870 2865 1948 praesupponunt
2891 1884 3153 1931 sursum
3184 1870 3248 1930 et
3272 1866 3456 1930 deor-

1906 1988 2094 2048 sum;
2139 1971 2505 2055 responderi
2541 1976 2785 2054 potest,
2837 1974 3009 2056 quod
3053 1991 3274 2038 verum
3317 1975 3413 2035 est
3426 2018 3445 2048 ,

1907 2080 2101 2158 prout
2134 2096 2395 2143 sursum
2436 2085 2501 2143 et
2539 2078 2839 2144 deorsum
2873 2079 3097 2145 dicunt
3142 2079 3450 2143 terminos

1907 2184 2325 2249 dimensionis
2356 2209 2371 2250 z
2405 2204 2547 2263 non,
2573 2192 2790 2252 autem
2828 2190 2924 2251 est
2962 2205 3193 2251 verum
3212 2234 3230 2262 ‚
3258 2190 3452 2269 prout

1909 2291 2130 2356 dicunt
2172 2292 2643 2358 inchoationem
2682 2298 2747 2358 et
2789 2294 3140 2358 terminum
3180 2293 3451 2373 alicujus

1909 2399 2478 2464 transmutationis.
2512 2398 2881 2465 Secundum
2908 2402 3083 2466 enim
3109 2417 3368 2464 sursum
3389 2404 3453 2464 et

1910 2506 2211 2571 deorsum
2267 2508 2523 2591 proprie
2579 2509 2929 2573 attenditur
2980 2511 3400 2591 augmentum
3430 2556 3448 2586 ‚

1910 2614 2045 2680 sive
2072 2619 2287 2679 motus
2329 2615 2411 2680 ad
2450 2616 2703 2693 locum;
2752 2616 2863 2681 sed
2899 2616 3252 2698 secundum
3293 2614 3455 2679 dex-

1909 2726 2087 2786 trum
2118 2726 2183 2787 et
2208 2722 2542 2787 sinistrum
2569 2723 2918 2788 attenditur
2947 2727 3160 2787 motus
3194 2722 3265 2785 in
3289 2721 3454 2786 loco.

1912 2829 2082 2909 Ideo,
2111 2831 2229 2895 etsi
2268 2830 2340 2894 in
2366 2831 2525 2896 coelo
2551 2834 2829 2914 ponatur
2866 2832 3168 2895 dextrum
3203 2834 3269 2893 et
3293 2829 3458 2893 sini-

1913 2942 2150 3018 strum,
2178 2956 2310 3003 non
2326 2941 2543 3002 tamen
2560 2941 2808 3021 oportet
2830 2938 2921 3001 sic
2944 2938 3097 3020 poni
3116 2955 3379 3002 sursum
3394 2940 3460 3001 et

1914 3047 2238 3112 deorsum.
2267 3045 2469 3111 Aliter
2495 3049 2698 3129 potest
2721 3044 3088 3128 responderi
3111 3044 3319 3126 magis
3352 3062 3459 3108 se-

1915 3155 2202 3220 cundum
2239 3154 2605 3238 opinionem
2652 3151 3018 3236 Philosophi
3060 3155 3084 3189 ¹
3105 3202 3125 3234 ,
3169 3152 3341 3237 quod
3388 3153 3461 3216 in

1915 3263 2072 3328 caelo
2089 3267 2184 3328 est
2204 3280 2444 3346 ponere
2467 3280 2729 3327 sursum
2754 3265 2818 3327 et
2852 3261 3151 3327 deorsum
3169 3310 3187 3340 ‚
3222 3265 3287 3325 et
3311 3264 3461 3326 ante

1916 3377 1980 3438 et
2003 3377 2199 3450 retro,
2220 3371 2387 3436 sicut
2405 3372 2671 3455 ponitur
2687 3372 2989 3437 dextrum
3007 3374 3071 3435 et
3085 3371 3417 3435 sinistrum
3438 3392 3454 3433 ε

1915 3499 2050 3545 non
2080 3481 2235 3564 quia
2261 3481 2484 3547 dicunt
2525 3479 2831 3547 terminos
2878 3479 3280 3545 diversorum
3314 3494 3462 3541 mo-

1915 3593 2139 3669 tuum3
2157 3589 2268 3654 sed
2283 3588 2438 3671 quia
2459 3589 2530 3651 in
2544 3589 2772 3654 eodem
2790 3591 2961 3653 motu
2979 3585 3465 3651 considerantur

1918 3698 2148 3763 ultima
2176 3697 2378 3762 trium
2402 3696 2891 3773 dimensionem,
2921 3695 3067 3760 licet
3092 3694 3301 3776 magis
3318 3710 3463 3775 pro-

1919 3804 2056 3886 prie
2084 3804 2384 3869 dextrum
2412 3808 2476 3868 et
2499 3802 2852 3867 sinistrum.
2879 3800 2960 3865 Et
2984 3800 3108 3865 hoc
3133 3802 3305 3882 patet
3338 3817 3354 3862 ε
3381 3798 3463 3862 ad

1919 3910 2045 3975 hoc
2083 3911 2257 3975 enim
2298 3910 2471 3993 quod
2508 3909 2741 3973 caelum
2781 3908 3173 3986 revolvatur,
3210 3923 3465 3971 necesse

1922 4024 2017 4084 est
2040 4036 2277 4103 ponere
2316 4018 2481 4082 duos
2513 4017 2691 4099 polos
2706 4064 2725 4098 ,
2755 4035 3036 4099 quorum
3061 4033 3235 4080 unus
3273 4013 3469 4078 habet

1922 4128 2236 4193 rationem
2253 4144 2536 4205 sursum,
2558 4130 2622 4190 et
2637 4125 2795 4189 alter
2811 4125 3125 4190 rationem
3138 4123 3461 4188 deorsum.

1924 4233 2036 4300 Est
2053 4235 2249 4298 etiam
2276 4251 2511 4316 ponere
2532 4233 2659 4298 duo
2676 4231 3150 4315 hemisphaeria,
3181 4245 3463 4312 quorum

1923 4360 2136 4406 unum
2160 4341 2354 4405 habet
2373 4340 2688 4405 rationem
2705 4344 2879 4420 ante,
2894 4343 2958 4404 et
2974 4339 3250 4403 alterum
3276 4336 3470 4399 habet

1923 4449 2230 4513 rationem
2282 4451 2474 4511 retro.
2526 4445 2793 4512 Necesse
2838 4452 2933 4511 est
2987 4445 3176 4510 etiam
3228 4459 3468 4526 ponere

1924 4555 2097 4637 quod
2140 4556 2210 4617 in
2232 4553 2685 4636 hemisphaerio
2733 4573 2869 4618 una
2908 4570 3052 4636 pars
3091 4553 3175 4615 sit
3216 4569 3299 4614 ex
3338 4567 3470 4632 qua

1927 4661 2203 4726 caelestia
2240 4678 2506 4743 corpora
2549 4662 2758 4744 primo
2795 4677 3100 4744 apparere
3134 4657 3466 4747 incipiant,

1925 4769 2123 4833 altera
2143 4786 2297 4833 vero
2327 4787 2475 4850 pars
2500 4786 2584 4832 ex
2608 4787 2738 4852 qua
2762 4767 3052 4832 desinant
3083 4789 3098 4830 :
3128 4770 3193 4831 et
3217 4765 3341 4830 hoc
3365 4768 3465 4829 to·

1928 4880 2072 4941 tum
2100 4875 2179 4940 de
2205 4874 2375 4940 facili
2398 4880 2493 4940 est
2518 4876 2884 4958 imaginari,
2904 4875 2959 4939 si
2984 4874 3131 4957 quis
3156 4873 3471 4955 imagine-

1928 4989 2036 5050 tur
2061 4984 2418 5064 hominem,
2447 4985 2563 5068 qui
2585 4986 2775 5068 pedes
2802 4984 3035 5048 habeat
3058 4984 3129 5047 in
3152 4983 3300 5067 polo
3328 5000 3470 5046 arc-

1928 5092 2076 5169 tim,
2109 5095 2173 5155 et
2207 5096 2398 5174 caput
2424 5092 2498 5157 in
2530 5094 2676 5175 polo
2718 5093 3062 5157 antarctico
3081 5141 3101 5173 ,
3134 5097 3200 5156 et
3241 5091 3472 5155 habeat

1927 5201 2154 5267 faciem
2183 5218 2438 5266 versam
2463 5201 2546 5265 ad
2589 5204 2883 5265 nostrum
2918 5198 3466 5283 hemisphaerinm‚

1926 5307 2142 5373 statim
2167 5307 2627 5390 imaginabitur
2654 5308 2890 5375 harum
2924 5308 3315 5375 differentias
3349 5324 3466 5392 po-

1928 5415 2258 5484 sitionum.
