4125 6225
1259 401 1452 468 ms'r.
1496 399 1706 467 XLul.
1751 397 1932 464 ART.
1977 398 2026 463 1.
2067 396 2364 476 QUAEST.
2410 397 2516 460 111.
2948 390 2957 410 '
3355 396 3471 456 155

272 548 407 608 tum
444 546 772 626 quantum
800 543 1017 625 ipsum
1044 544 1160 616 est,
1205 540 1317 604 ubi
1355 542 1452 603 est
1495 536 1825 619 productio

270 650 530 729 similis3
565 650 886 733 quoddam
916 648 1054 729 agit
1075 666 1191 730 per
1217 644 1731 710 deliberationem
1762 646 1825 706 et

273 757 702 835 voluntatem,
730 760 793 821 et
811 756 943 820 tale
968 772 1100 818 non
1135 755 1272 836 agit
1310 753 1442 817 nisi
1470 751 1824 816 secundum

272 868 590 948 ordinem,
620 870 684 932 et
716 869 1034 950 quantum
1067 865 1244 930 vult:
1289 864 1459 928 unde
1487 881 1569 927 ex
1603 861 1824 927 eadem

272 975 559 1059 potentia
580 975 724 1039 facit
741 992 1055 1056 magnum
1083 977 1146 1037 et
1165 990 1278 1056 par
1285 990 1439 1037 vum
1462 993 1477 1035 :
1499 970 1671 1035 etsie
1689 969 1827 1051 agit

275 1083 460 1147 Deus,

350 1190 412 1253 3.
456 1189 565 1253 Ad
611 1189 774 1253 illud
815 1188 987 1272 quod
1029 1186 1328 1271 objicitur
1368 1183 1537 1266 quod
1585 1184 1824 1248 frustra

274 1300 363 1360 est
397 1297 713 1379 potentia,
752 1314 902 1379 quae
930 1313 1058 1360 non
1093 1293 1417 1357 reducitur
1453 1292 1533 1355 ad
1569 1295 1819 1369 actum;

275 1427 508 1474 verum
548 1413 641 1473 est
677 1410 756 1474 de
801 1408 1084 1492 potentia
1129 1425 1277 1489 quae
1322 1404 1673 1486 completur
1712 1420 1827 1485 per

277 1523 490 1582 actum
507 1538 526 1581 :
546 1520 657 1582 sed
672 1518 889 1583 divina
902 1516 1183 1601 potentia
1198 1533 1331 1578 non
1342 1513 1696 1596 completur
1712 1530 1827 1594 per

278 1631 493 1689 actum
517 1643 537 1688 :
563 1629 626 1689 et
652 1624 792 1688 ideo
815 1642 948 1688 non
989 1628 1084 1688 est
1117 1623 1375 1698 frustra,
1403 1620 1653 1685 etiamsi
1693 1615 1826 1682 non

278 1729 506 1795 habeat
553 1731 902 1814 potentiam
947 1730 1272 1814 passivam
1323 1727 1824 1810 corresponden-

281 1844 427 1903 tem.
458 1838 706 1903 Tamen
743 1838 854 1902 illa
889 1836 1234 1921 propositio
1272 1853 1406 1899 non
1447 1834 1827 1916 intelligitur

279 1946 517 2010 habere
571 1947 775 2010 verita
785 1951 911 2010 tem
962 1946 1032 2008 in
1085 1944 1367 2028 potentia
1421 1961 1569 2026 quae
1624 1946 1829 2026 potest

280 2053 515 2117 habere
545 2054 819 2130 infinita,
846 2052 901 2116 si
937 2051 1333 2133 intelligatur
1358 2051 1531 2134 quod
1561 2051 1826 2115 omnino

280 2160 627 2225 reducatur
650 2160 718 2224 in
744 2165 959 2226 actum
987 2161 1352 2225 :reducitur
1375 2166 1614 2237 tamen,
1645 2163 1706 2224 et
1724 2178 1827 2223 re-

284 2267 422 2331 duci
445 2272 653 2351 potest
676 2270 1030 2334 secundum
1055 2272 1325 2353 partem,
1346 2272 1409 2332 et
1427 2267 1569 2331 ideo
1591 2286 1720 2331 non
1734 2270 1828 2331 est

285 2375 542 2441 frustra.

358 2487 418 2545 4.
466 2483 568 2548 Ad
611 2478 772 2547 illud
821 2484 992 2567 quod
1033 2483 1337 2571 objicitur
1390 2482 1558 2565 quod
1611 2478 1828 2546 divina

284 2592 588 2674 potentia,
617 2610 768 2655 cum
798 2592 880 2654 sit
906 2592 1174 2668 infinita,
1199 2591 1384 2655 debet
1409 2609 1593 2655 suam
1617 2589 1828 2653 influi-

275 2704 478 2765 ,tatem
505 2700 910 2764 manifestare
933 2701 1005 2763 in
1031 2701 1288 2763 infinito
1320 2699 1548 2763 effectu
1562 2748 1578 2778 ,
1608 2699 1827 2763 dicen-

287 2805 437 2870 dum
464 2808 640 2889 quod
658 2807 826 2871 Deus
849 2826 1035 2872 suam
1061 2808 1439 2871 infinitatem
1469 2806 1830 2869 manifestat

296 2915 359 2979 in
389 2915 624 2980 effectu
641 2916 891 2980 infinito
909 2917 1264 2984 secundum
1284 2913 1653 2999 potentiam,
1666 2913 1829 2977 sicut

287 3028 477 3105 patet,
509 3024 684 3106 quia,
712 3025 876 3088 sicut
906 3044 1101 3108 supra
1130 3029 1224 3088 est
1266 3028 1710 3099 monstratum,
1739 3023 1829 3085 in·

287 3130 704 3194 terminabilis
733 3131 986 3196 duratio
1016 3133 1374 3197 manifestat
1403 3133 1708 3195 virtutem
1734 3131 1829 3193 in-

289 3240 535 3305 finitam
571 3263 586 3304 ε
615 3240 684 3304 in
708 3242 964 3306 infinito
991 3246 1209 3306 autem
1235 3240 1588 3305 secundum
1614 3243 1829 3304 actum

291 3375 417 3421 non
440 3361 646 3441 potest
668 3353 1060 3420 manifestari
1087 3351 1483 3434 simpliciter,
1511 3349 1664 3433 quia
1697 3368 1830 3414 non

292 3463 496 3542 decet3
524 3466 632 3530 sed
655 3461 1295 3548 proportionabiliter,
1319 3459 1470 3543 quia
1498 3477 1612 3522 ens
1638 3459 1705 3520 in
1735 3457 1829 3520 in-

290 3573 546 3638 finitum
577 3572 825 3637 excedit
859 3587 989 3634 non
1029 3587 1176 3645 enS,
1205 3573 1268 3633 et
1301 3571 1514 3631 tamen
1557 3567 1722 3630 Deus
1747 3585 1827 3630 ex

290 3683 490 3748 nihilo
517 3684 665 3747 facit
699 3701 843 3761 enS,
871 3682 1038 3745 inter
1067 3697 1214 3763 quae
1242 3683 1336 3742 est
1367 3678 1660 3742 distantia
1691 3678 1830 3740 infi-

293 3790 442 3854 nita.
465 3789 642 3856 Unde
666 3808 814 3855 cum
843 3788 1060 3853 divina
1081 3786 1365 3870 potentia
1400 3786 1645 3850 dicatur
1677 3786 1823 3849 infi-

296 3898 443 3978 nita,
455 3899 575 3963 hoc
592 3904 686 3962 est
704 3898 781 3961 tri
789 3896 1059 3979 pliciter:
1078 3894 1431 3959 durationis
1452 3894 1825 3972 aeternitate,

294 4007 541 4070 virtutis
566 4005 1017 4083 immensitate,
1047 4007 1110 4066 et
1148 4002 1494 4065 effectuum
1522 4002 1832 4083 generali-

300 4113 440 4188 tate,
467 4112 600 4175 sive
620 4110 1107 4174 numerositate.
1140 4108 1352 4172 Prima
1389 4108 1830 4172 manirestatur

300 4236 410 4298 per
445 4218 773 4282 infinitum
820 4217 1185 4294 duratione,
1233 4216 1406 4298 quod
1440 4219 1534 4278 est
1573 4216 1829 4278 finitum

302 4330 461 4398 actu,
482 4325 809 4388 infinitum
828 4322 1138 4405 potentia3
1154 4323 1430 4386 secunda
1444 4341 1557 4405 per
1572 4324 1828 4387 creatio-

303 4449 442 4494 nem
454 4432 531 4495 de
543 4431 771 4507 nihilo,
788 4428 901 4493 ubi
934 4434 1029 4493 est
1047 4430 1340 4494 distantia
1361 4429 1613 4495 infinita
1636 4449 1826 4513 prop-

304 4542 394 4601 ter
412 4537 846 4603 omnimodam
863 4536 1425 4620 improportionem
1444 4560 1461 4617 ;
1480 4538 1666 4602 tertia
1692 4555 1826 4601 ma-

306 4645 624 4710 nifestatur
644 4646 880 4729 partim
909 4664 1022 4728 per
1047 4645 1425 4727 potentiam,
1463 4647 1691 4725 partim
1719 4665 1835 4730 per

309 4756 718 4835 privationem
749 4777 764 4818 :
796 4756 951 4838 quia
983 4759 1078 4818 tot
1107 4755 1273 4834 fecit,
1304 4759 1366 4818 et
1399 4756 1611 4819 adhuc
1632 4762 1835 4840 potest

311 4860 595 4944 inplura3
613 4866 676 4927 et
687 4881 823 4926 non
851 4866 939 4926 tot
954 4863 1119 4940 fecit,
1135 4863 1291 4946 quin
1314 4863 1526 4927 adhuc
1544 4866 1740 4947 possit
1758 4867 1826 4929 in

315 4967 486 5048 plura
506 4990 522 5032 :
552 4976 768 5034 tamen
785 4968 909 5033 hoc
923 4970 1362 5034 manifestatur
1376 4971 1499 5034 alia
1518 4973 1832 5036 infinitate

314 5073 535 5157 duplici
580 5077 1016 5141 manifestata:
1057 5081 1120 5140 et
1155 5077 1242 5140 ita
1287 5082 1452 5160 patet
1496 5081 1667 5162 quod
1703 5098 1834 5144 non

318 5187 547 5263 oportet
567 5185 733 5266 quod
755 5185 836 5248 sit
855 5185 1179 5248 infinitum
1207 5189 1371 5250 actu.
1395 5186 1600 5251 Potest
1619 5193 1834 5252 tamen

317 5287 449 5364 dici,
477 5291 639 5355 sicut
661 5295 898 5356 tactum
919 5297 1033 5370 est,
1061 5292 1232 5373 quod
1259 5293 1462 5356 virtus
1484 5293 1687 5357 Patris
1704 5313 1836 5358 ma-

319 5394 640 5463 nitestatm·
663 5397 733 5463 in
756 5398 1167 5482 productione
1195 5398 1416 5482 Verbi,
1446 5406 1510 5465 et
1543 5420 1657 5484 per
1683 5421 1837 5468 con-

1931 550 2204 616 sequens
2226 536 2361 595 tota
2393 534 2603 596 virtus
2633 530 2878 611 divina,
2906 547 3059 594 cum
3089 528 3299 594 virtus
3326 527 3469 592 Filii

1932 644 1998 705 et
2023 639 2295 723 Spiritus
2322 640 2519 705 sancti
2554 640 2635 703 sit
2666 656 2821 717 una,
2857 641 2920 703 et
2949 637 3224 720 aequales
3250 637 3471 701 sintin

1934 752 2197 817 virtute.
2878 820 2888 829 ‚

2011 859 2076 922 5.
2119 859 2217 922 Ad
2267 857 2425 922 illud
2478 855 2651 940 quod
2711 855 3008 938 objicitur
3055 854 3132 918 de
3183 854 3471 937 possibili

1932 966 2105 1047 quod
2132 969 2337 1048 potest
2364 966 2537 1048 poni,
2578 965 2915 1029 dicendum
2943 963 3114 1045 quod
3141 968 3234 1027 est
3269 964 3470 1046 possi-

1934 1074 2060 1138 bile
2086 1093 2124 1137 a
2138 1074 2415 1157 potentia
2434 1073 2707 1151 infinita,
2730 1076 2791 1137 et
2810 1070 3103 1155 possibile
3117 1071 3471 1135 secundum
3583 1130 3587 1135 ,

1932 1170 2278 1263 potentiam
2312 1183 2581 1245 finitam.
2625 1179 2923 1244 Possibile
2962 1178 3316 1244 secundum
3355 1196 3472 1261 po-

1933 1293 2196 1357 tentiam
2236 1293 2481 1359 finitam
2529 1296 2734 1375 potest
2783 1293 2956 1375 poni,
3013 1291 3162 1373 quia
3207 1290 3470 1355 omnino

1931 1413 2136 1492 potest
2152 1428 2286 1474 esse
2307 1409 2387 1475 ad
2414 1413 2629 1474 actum
2654 1410 3020 1488 reductum3
3044 1408 3152 1473 sed
3179 1406 3471 1490 possibile

1933 1523 2285 1586 secundum
2335 1521 2681 1604 potentiam
2730 1521 3049 1584 infinitam
3095 1536 3227 1582 non
3271 1522 3472 1601 potest

1934 1630 2108 1712 poni,
2138 1628 2289 1712 quia
2325 1647 2573 1711 semper
2597 1629 2781 1693 estin
2805 1626 3184 1707 redueendO,
3215 1630 3277 1689 et
3298 1644 3467 1690 nun-

1943 1755 2138 1818 quam
2163 1737 2233 1799 in
2254 1722 2588 1800 reductum
2615 1754 2769 1800 esse.

2015 1847 2076 1907 6.
2092 1842 2188 1907 Ad
2210 1842 2368 1908 illud
2382 1843 2551 1925 quod
2574 1843 2834 1929 ponitur
2852 1838 3024 1925 quod
3042 1842 3098 1905 A
3117 1841 3473 1925 appelletur

1936 1969 2126 2015 omne
2149 1950 2437 2029 creabile,
2478 1954 2540 2013 et
2574 1949 2742 2032 quod
2788 1949 3099 2031 quaeritur
3125 1949 3203 2032 (a)
3249 1954 3472 2013 utrum

1936 2062 1992 2125 A
2021 2062 2102 2124 sit
2122 2061 2402 2138 finitum,
2432 2061 2535 2124 vel
2560 2061 2908 2139 infinitum,
2939 2061 3099 2140 dic0,
3130 2061 3299 2144 quod
3324 2062 3471 2125 infi-

1934 2167 2177 2248 nitum3
2196 2168 2302 2232 sed
2320 2187 2449 2231 non
2472 2172 2566 2231 est
2586 2168 2909 2232 infinitum
2933 2171 3101 2247 actu,
3120 2168 3229 2232 sed
3252 2174 3475 2251 poten-

1934 2277 2059 2341 tia:
2083 2283 2144 2341 et
2169 2278 2311 2341 ideo
2335 2295 2465 2340 non
2485 2277 2793 2360 sequitur,
2816 2278 2987 2360 quod
3013 2276 3066 2340 si
3094 2276 3259 2341 Deus
3285 2278 3477 2361 possit

1801 2396 1808 2401 ’
1937 2384 2013 2464 A,
2036 2385 2209 2467 quod
2231 2385 2425 2468 possit
2441 2384 2511 2447 in
2531 2384 2854 2449 infinitum
2874 2390 3039 2449 actu.
3063 2385 3136 2449 Et
3155 2386 3207 2448 si
3224 2387 3431 2450 dictur
3456 2411 3470 2451 ε

1947 2514 1977 2552 α
2002 2492 2285 2556 Ponatur
2310 2492 2482 2575 quod
2507 2493 2671 2557 Deus
2693 2493 2878 2557 faciat
2906 2493 2962 2556 A
2983 2541 2998 2570 ,
3029 2514 3061 2552 ι)
3108 2493 3470 2572 dicendum,

1937 2600 2109 2683 quod
2154 2619 2283 2664 non
2347 2604 2439 2664 est
2482 2601 2797 2683 ponibile,
2859 2601 3103 2664 ratione
3150 2602 3470 2683 praedicta.

2020 2714 2079 2771 7.
2125 2709 2222 2772 Ad
2260 2708 2415 2771 illud
2461 2709 2633 2791 quod
2679 2708 2998 2790 objicitur,
3029 2713 3253 2773 utrum
3280 2712 3478 2792 possit

1937 2815 2285 2896 potentiam
2322 2816 2608 2880 continui
2634 2817 2937 2879 reducere
2967 2819 3048 2879 ad
3091 2821 3335 2895 actum,
3372 2818 3475 2880 di-

1889 2984 1896 2991 ,
1939 2923 2212 2987 cendum
2231 2923 2399 3005 quod
2426 2922 2587 2988 sicut
2602 2925 2880 3005 potentia
2898 2923 2966 2986 in
2994 2924 3296 2988 continuo
3325 2943 3476 3007 pas-

1940 3030 2077 3095 siva
2121 3031 2373 3094 infinita
2420 3038 2513 3094 est
2557 3032 2633 3094 ad
2672 3031 3082 3109 divisionem,
3115 3030 3207 3095 sic
3245 3032 3313 3094 in
3349 3032 3475 3096 Deo

1940 3139 2144 3204 activa
2175 3139 2658 3220 infinita.Unde,
2680 3141 2844 3204 sicut
2869 3141 3246 3204 continuum
3274 3145 3478 3223 potest

1940 3353 2112 3435 quod
2130 3355 2404 3418 totaliter
2423 3355 2505 3419 sit
2529 3355 2828 3434 divisum,
2848 3355 3132 3438 alioquin
3156 3374 3292 3419 nou
3317 3360 3478 3420 esset

1940 3463 2301 3545 infinitum3
2332 3465 2421 3528 sic
2447 3466 2727 3529 dividere
2753 3466 2821 3529 in
2852 3465 3180 3528 infinitum
3206 3469 3301 3529 est
3328 3485 3473 3549 pos-

1940 3571 2150 3649 sibile,
2203 3571 2283 3635 ad
2325 3578 2539 3635 actum
2584 3572 2886 3636 reducere
2938 3571 3346 3655 impossibile.
3400 3572 3479 3637 Et

1940 3678 2107 3741 sicut
2131 3678 2521 3760 impossibile
2539 3683 2633 3742 est
2659 3679 2941 3742 divinam
2967 3680 3318 3761 potentiam
3345 3684 3478 3744 ter-

1941 3786 2197 3864 minari,
2228 3785 2317 3849 ita
2342 3787 2729 3869 impossibile
2771 3791 2864 3850 est
2907 3788 3076 3870 quod
3114 3788 3195 3850 sit
3237 3789 3305 3850 in
3348 3793 3480 3851 ter-

1941 3883 2117 3961 mino
2144 3895 2490 3960 divisionis,
2520 3896 2694 3961 Unde
2716 3897 2879 3962 Deus
2905 3903 3106 3981 potest
3133 3900 3480 3981 potentiam

1942 3999 2227 4062 continui
2256 3999 2556 4063 reducere
2582 4000 2660 4063 ad
2681 4006 2918 4080 actum,
2945 4002 3099 4084 quia
3125 4007 3325 4085 potest
3347 4022 3481 4066 esse

1943 4108 2013 4170 in
2048 4108 2429 4188 reducendO,
2477 4113 2540 4172 et
2582 4128 2834 4191 semper
2868 4111 2937 4172 in
2978 4111 3359 4189 reducendo,
3392 4110 3481 4174 ita

1941 4215 2113 4298 quod
2158 4235 2410 4299 semper
2434 4216 2513 4296 (b)
2556 4217 2699 4298 plus
2739 4237 2807 4281 se
2842 4218 3140 4282 extendat
3173 4219 3474 4300 potentia,

1941 4344 2136 4408 quam
2182 4325 2399 4390 divina
2441 4326 2643 4390 actio:
2691 4326 2800 4389 sed
2839 4331 3056 4390 tamen
3100 4327 3479 4390 continuum

1941 4447 2276 4511 nunquam
2296 4433 2497 4511 potest
2519 4446 2655 4492 esse
2673 4428 2742 4491 in
2766 4429 3101 4493 reductum
3126 4447 3284 4506 esse,
3316 4429 3482 4493 sicut

1941 4557 2062 4602 nec
2096 4537 2262 4602 Deus
2304 4538 2371 4601 in
2404 4537 2753 4602 reduxisse.
2797 4538 3278 4628 concedendum
3322 4537 3479 4620 ergo

1941 4646 2113 4728 quod
2155 4645 2541 4728 impossibile
2585 4645 2678 4709 est
2719 4646 2892 4727 quod
2932 4646 3013 4708 sit
3054 4645 3293 4728 aliquid
3332 4652 3479 4712 actu

1941 4753 2289 4831 infinitum,
2316 4754 2444 4817 nisi
2477 4754 2684 4817 solum
2717 4753 2940 4831 Deum,-
2984 4758 3047 4817 et
3084 4755 3226 4835 ejus
3254 4759 3473 4837 poten-

1941 4862 2134 4926 tiam:
2170 4865 2232 4926 et
2257 4862 2379 4926 hoc
2406 4864 2500 4926 est
2530 4863 2695 4944 quod
2737 4862 2887 4926 dicit
2919 4862 3110 4943 Hugo
3146 4862 3223 4927 de
3263 4868 3478 4927 sancto

1942 4969 2190 5035 Victore
2208 4972 2259 5034 ¹:
2281 4994 2311 5030 ι(
2335 4971 2513 5034 Sicut
2536 4971 2954 5035 aeternitatem
2980 4969 3085 5034 Dei
3113 4989 3246 5034 non
3264 4975 3480 5052 aequat

1943 5083 2225 5161 tempuS,
2273 5098 2390 5142 nec
2427 5079 2923 5142 immensitatem
2972 5077 3184 5156 locus;
3235 5078 3327 5140 sic
3360 5097 3480 5141 nec

1943 5186 2317 5268 sapientiam
2344 5204 2589 5265 sensuS,
2604 5203 2726 5249 nec
2746 5185 3094 5249 bonitatem
3113 5184 3340 5262 virtus,
3362 5201 3481 5248 nec

2009 5351 2179 5415 ²Hug,
2210 5351 2272 5401 de
2310 5353 2363 5402 S.
2396 5350 2549 5415 Vict„
2590 5350 2652 5400 de
2688 5349 2934 5412 Sacram„
2971 5353 3100 5414 part.
3126 5351 3204 5413 11,
3234 5365 3280 5403 c.
3305 5363 3395 5406 vu.

2020 5421 2093 5490 (a)
2123 5423 2245 5473 Goet.
2266 5422 2387 5473 edit.
2415 5421 2609 5488 quaerit.
2630 5448 2695 5462 --
2713 5421 2776 5487 (ὁ)
2797 5423 2920 5474 Item
2939 5435 3218 5487 nunquam.
