4125 6225
55 1024 230 1067 fundum.

1226 439 1418 505 DIST.
1456 436 1662 503 XLVI.
1706 426 1885 498 ΛΒΤ.
1930 427 1980 492 1.
2026 420 2324 503 QUAEST.
2370 417 2470 484 IV.

763 661 1116 741 QUAESTIO
1157 633 1260 729 1v'.

625 833 719 891 An
744 832 895 887 mala
921 832 1042 902 fieri
1066 832 1140 887 sit
1163 845 1348 886 verum
1366 833 1408 885 ¹.

330 993 561 1058 Utrum
603 991 774 1055 mala
814 990 955 1054 fleri
996 946 1376 1066 sit-verum3
1424 991 1488 1051 et
1529 984 1786 1050 videtur

255 1101 421 1183 quod
464 1099 554 1162 sic
592 1117 610 1161 ε
648 1098 811 1174 Quia
852 1097 930 1162 de
978 1096 1257 1178 quolibet
1301 1094 1638 1157 affirmatio
1681 1092 1786 1157 vel

259 1208 510 1289 negatio
554 1224 743 1283 vera,
790 1205 869 1270 de
908 1205 1084 1269 nullo
1129 1204 1318 1267 ambo
1362 1202 1555 1265 simul
1574 1203 1596 1238 ¹
1631 1222 1644 1264 :
1677 1199 1785 1264 sed

166 1367 171 1370 .
259 1315 394 1379 haec
437 1318 532 1377 est
570 1313 725 1376 falsa
759 1335 773 1376 :
811 1335 842 1373 α
873 1310 1061 1375 Nulla
1107 1310 1275 1374 mala
1317 1311 1483 1372 flunt
1517 1331 1534 1371 ι
1566 1329 1597 1367 n
1628 1325 1784 1387 ergo

58 3374 114 3416 Ad
142 3388 244 3432 opp.

261 1422 614 1504 oppositum
666 1423 761 1485 est
814 1419 1183 1503 simpliciter
1229 1435 1460 1481 verum
1478 1465 1497 1495 ‚
1554 1415 1787 1479 scilicet

261 1529 424 1594 mala
450 1529 610 1593 fieri.

337 1637 516 1714 Item,
545 1635 780 1701 veritas
804 1639 897 1698 est
922 1632 1280 1716 adaequatio
1304 1632 1398 1696 rei
1423 1635 1488 1696 et
1512 1630 1787 1694 intellec-

261 1746 397 1809 tus⁸
424 1766 440 1808 t
467 1762 625 1826 ergo
655 1742 902 1826 quoties
936 1741 1130 1805 homo
1163 1740 1461 1819 intelligit
1498 1739 1664 1801 sicut
1694 1718 1789 1800 est

261 1852 326 1915 in
363 1870 467 1928 re,
494 1852 827 1916 veritatem
855 1848 1080 1928 hahet,
1114 1851 1180 1912 et
1212 1847 1567 1910 intellectus
1596 1843 1786 1907 intel-

260 1959 489 2023 lectum
517 1958 669 2022 :sed
712 1957 825 2040 qui
868 1956 1164 2036 intelligit
1208 1953 1377 2017 mala
1418 1953 1555 2016 fleri
1575 2002 1592 2030 ‚
1635 1969 1788 2017 vere

261 2066 552 2147 intelligit
575 2084 591 2128 ι
617 2082 773 2146 ergo
802 2064 855 2127 si
879 2081 1031 2128 vere
1056 2062 1374 2141 intelligit,
1400 2060 1787 2123 intellectum

260 2178 350 2238 est
375 2192 639 2252 verum;
667 2190 826 2253 ergo
854 2170 1022 2234 mala
1044 2169 1184 2234 fleri
1199 2217 1216 2245 ‚
1248 2172 1344 2232 est
1369 2185 1618 2232 verum.

336 2281 521 2357 Item,
556 2280 789 2344 veritas
826 2276 1271 2361 propositionis
1307 2274 1527 2339 asserit
1555 2272 1789 2338 verita-

260 2391 381 2452 tem
409 2388 481 2450 in
507 2386 701 2463 dicto;
730 2385 899 2449 unde
925 2385 978 2448 si
1007 2383 1292 2448 Socrates
1318 2382 1537 2458 currit,
1565 2380 1789 2444 Socra-

258 2498 384 2558 tem
411 2495 491 2577 (a)
526 2511 781 2556 currere
816 2496 911 2555 est
946 2508 1175 2554 verum
1211 2512 1225 2553 :
1257 2506 1415 2569 ergo
1451 2488 1504 2551 si
1543 2487 1787 2550 malum

260 2603 356 2682 fit,
386 2602 630 2666 malum
657 2601 798 2664 fleri
843 2603 938 2663 est
963 2616 1194 2662 verum
1224 2615 1241 2661 ε
1274 2597 1379 2660 sed
1411 2595 1657 2660 malum
1684 2595 1786 2673 fit,

263 2715 503 2774 constat
531 2732 546 2773 :
578 2727 767 2788 erge,
796 2711 915 2771 etc.

340 2817 529 2896 Item,
555 2816 789 2880 veritas
831 2813 1094 2879 dicentis
1136 2812 1316 2895 ponit
1352 2810 1684 2875 veritatem
1720 2809 1791 2872 in

263 2925 421 2988 dicto
451 2943 468 2986 ε
499 2923 609 2987 sed
649 2922 813 2986 Deus
847 2923 959 3003 qui
1000 2939 1133 2984 non
1165 2924 1258 2984 est
1298 2919 1570 2982 mendax
1592 2966 1608 2996 ,
1641 2917 1794 2980 dicit

264 3033 427 3097 mala
450 3031 590 3095 fieri
606 3036 665 3094 ⁸:
692 3030 861 3104 Quid
881 3030 1178 3112 cogitatis
1203 3026 1471 3092 malain
1497 3025 1793 3091 cordibus

265 3144 492 3207 vestris
509 3141 543 3205 9
568 3140 739 3220 Ergo
764 3156 991 3202 verum
1018 3142 1112 3201 est
1137 3135 1303 3200 mala
1327 3134 1633 3215 cogitari:
1656 3133 1794 3217 pari

267 3249 505 3312 ratione
532 3263 759 3310 verum
785 3249 877 3309 est
910 3244 1074 3309 fleri.

344 3354 571 3420 Contra
602 3377 616 3418 ε
649 3359 679 3417 1
695 3402 709 3416 .
732 3352 974 3418 Verum
1017 3354 1082 3417 et
1120 3352 1365 3415 bonum
1406 3354 1794 3415 convertun-

268 3468 370 3527 tur
400 3488 416 3529 :
447 3463 555 3526 sed
598 3462 842 3525 malum
880 3460 1057 3536 fieri,
1095 3477 1230 3522 non
1265 3461 1360 3521 est
1399 3458 1682 3537 bonum,
1723 3462 1796 3522 ut

270 3587 455 3652 supra
493 3568 831 3650 probatum
870 3571 966 3631 est
995 3585 1011 3629 ε
1043 3583 1201 3647 ergo
1239 3565 1409 3628 mala
1448 3565 1623 3641 fleri,
1664 3583 1797 3627 non

271 3681 358 3740 est
383 3694 634 3741 verum.
672 3675 739 3738 Si
766 3676 924 3739 forte
951 3674 1119 3738 dieas
1145 3673 1317 3756 quod
1345 3691 1573 3737 verum
1602 3676 1695 3735 est
1719 3672 1797 3735 de

274 3785 528 3849 veritate
554 3782 962 3864 incomplexi‚
993 3780 1344 3846 ostenditur
1369 3781 1447 3843 de
1476 3781 1653 3843 omni
1688 3797 1797 3843 ve-

272 3891 447 3954 ritate
496 3889 648 3973 quia
695 3889 904 3952 omnis
949 3890 1183 3952 veritas
1228 3887 1457 3951 entitas
1505 3888 1799 3969 quaedam

273 4002 392 4075 est;
422 4000 485 4061 et
508 4013 698 4059 omne
724 3992 895 4076 quod
923 3993 1251 4075 participat
1275 3992 1588 4056 rationem
1612 3994 1796 4072 entis,

274 4103 602 4185 participat
626 4101 938 4164 rationem
966 4099 1118 4163 boni
1146 4122 1161 4163 ε
1190 4117 1368 4179 ergO‚
1400 4104 1519 4163 etc.
1786 4078 1803 4101 ’

348 4215 409 4273 2.
430 4210 614 4284 Item,
636 4208 844 4273 omnis
861 4208 1093 4272 veritas
1111 4211 1207 4271 est
1223 4226 1263 4270 a
1277 4207 1543 4271 veritate
1559 4206 1797 4288 prima:

273 4334 425 4397 ergo
461 4319 526 4379 et
552 4333 743 4379 omne
767 4332 999 4379 verum
1027 4332 1066 4377 a
1091 4313 1303 4396 primo
1328 4331 1484 4377 vero
1515 4332 1531 4377 ε
1562 4314 1616 4376 si
1647 4331 1804 4396 ergo

277 4423 515 4487 malum
558 4422 700 4486 fleri
746 4426 841 4485 est
872 4440 1139 4500 verum,
1174 4421 1420 4485 malum
1461 4422 1600 4485 fleri
1644 4427 1738 4486 est
1767 4441 1805 4486 a

276 4529 399 4595 Deo
427 4552 442 4593 :
473 4530 580 4594 sed
619 4528 741 4593 hoc
766 4534 859 4592 est
884 4547 1079 4611 supra
1111 4528 1543 4611 improbatum
1576 4551 1591 4594 ε
1622 4547 1802 4610 ergO,

276 4641 390 4701 etc.
420 4635 482 4701 Si
513 4639 587 4700 tu
616 4636 783 4700 dicas
812 4636 982 4717 quod
1018 4636 1179 4700 illud
1208 4640 1302 4699 est
1327 4654 1557 4700 verum
1587 4637 1665 4699 de
1694 4655 1805 4700 ve-

277 4742 458 4807 ritate
479 4742 595 4818 rei,
620 4760 753 4806 non
774 4743 939 4822 signi
962 4763 974 4815 2
1003 4742 1128 4807 hoc
1149 4742 1313 4806 nihil
1336 4747 1450 4820 est,
1476 4743 1628 4824 quia
1648 4744 1810 4807 sicut

280 4868 319 4913 a
344 4850 468 4914 Deo
497 4854 648 4914 sunt
677 4867 808 4928 res,
840 4849 927 4913 ita
949 4854 1012 4914 et
1040 4850 1228 4931 signa
1257 4871 1273 4914 t
1304 4854 1368 4914 et
1392 4850 1765 4915 Ambrosius
1786 4852 1808 4888 ⁸

284 4955 626 5039 dicitquod
651 4974 841 5020 omne
868 4974 1097 5021 verum
1122 4960 1217 5021 est
1239 4976 1279 5020 a
1300 4957 1543 5039 Spuitu
1567 4963 1805 5037 sancto,

318 5097 338 5132 ¹
384 5096 464 5159 Cf.
482 5096 741 5158 Richard.‚
766 5097 787 5146 1
813 5096 968 5160 Seni„
1000 5096 1116 5147 dist.
1143 5108 1285 5162 nm,
1314 5112 1366 5162 q.
1388 5109 1446 5160 v;
1484 5098 1661 5163 Steph.
1687 5101 1811 5150 Bru-

289 5164 389 5230 let,
416 5169 436 5219 l
463 5168 601 5217 Sent.
629 5168 749 5219 dist.
790 5179 946 5232 nm,
984 5181 1039 5233 q.
1078 5180 1162 5231 1v3
1201 5169 1381 5219 Petrus
1417 5169 1481 5221 de
1526 5172 1751 5235 Terent„
1788 5174 1809 5223 1

292 5238 441 5300 Sent„
484 5239 601 5289 dist.
640 5251 799 5300 xlm,
828 5253 879 5303 q.
919 5250 988 5290 lv,
1017 5266 1069 5276 -
1104 5240 1127 5273 ²
1161 5239 1389 5302 Aristot„
1428 5240 1488 5290 de
1523 5242 1811 5306 Inter-pret„

293 5306 725 5372 lih.1.—⁸Arist.‚
748 5310 968 5375 Metaph.
989 5310 1079 5361 lib.
1102 5312 1185 5360 ΙΧ.
1205 5311 1306 5348 —·⁸
1330 5311 1534 5372 matth„
1555 5324 1612 5365 lx
1628 5349 1648 5376 ,
1679 5315 1727 5364 4.
1750 5339 1814 5351 —

357 5399 421 5462 te)
447 5400 569 5454 coet.
590 5399 711 5454 edit.
740 5401 977 5453 Sortes...
1005 5401 1233 5453 sortem.

3306 411 3424 471 203

1888 580 1929 626 a
1955 574 2365 644 quocumque
2396 554 2661 619 dicatur.
2693 548 3003 631 Loquitur
3026 562 3183 626 ergo
3209 544 3287 608 de
3311 560 3427 606 ve-

1888 671 2074 735 ritate
2100 668 2168 730 in
2195 681 2486 729 sermone
2501 710 2519 740 ‚
2550 659 2725 725 etita
2751 657 2828 721 de
2852 655 3121 720 veritate
3147 650 3426 733 comple-

1889 777 2132 851 xionis,
2162 773 2298 836 sive
2323 769 2516 851 signi.

1971 889 2032 950 3.
2061 883 2250 958 Item,
2281 877 2489 943 omnis
2514 874 2747 939 veritas
2771 868 2965 951 signi,
2995 867 3128 930 sive
3154 864 3427 946 comple·

1891 991 2102 1055 xionis
2124 1037 2141 1065 ‚
2189 1003 2446 1051 causam
2488 986 2553 1047 et
2596 985 2810 1045 ortum
2854 976 3042 1039 habet
3085 992 3124 1037 a
3163 972 3429 1036 veritate
3552 1041 3568 1059 ³

1890 1098 2024 1162 rei⁶
2052 1116 2070 1160 ε
2099 1112 2258 1177 ergo
2291 1092 2559 1168 veritas,
2599 1111 2628 1148 a
2657 1089 2850 1149 istum
2879 1081 3117 1157 furari,
3150 1101 3180 1139 n
3215 1083 3429 1143 ortum

1890 1206 2083 1269 habet
2113 1222 2152 1266 a
2180 1199 2446 1266 veritate
2477 1183 2627 1260 furt'i
2660 1216 2675 1258 z
2706 1192 2813 1256 sed
2847 1192 3090 1254 furtum
3121 1205 3254 1250 non
3282 1184 3434 1249 dicit

1891 1313 2203 1377 actionem
2231 1324 2473 1379 veram,
2503 1305 2635 1367 imo
2659 1299 3031 1366 defectivam
3060 1318 3076 1358 ι
3104 1311 3263 1376 ergo
3292 1291 3430 1373 pari

1892 1421 2163 1496 ratione,
2195 1439 2226 1477 α
2252 1416 2446 1478 istum
2474 1408 2697 1487 furari,
2725 1429 2756 1466 ι)
2781 1423 2912 1468 non
2941 1407 3036 1467 est
3060 1398 3429 1482 simpliciter

1891 1542 2146 1588 verum.
2186 1520 2254 1585 Si
2288 1525 2361 1583 tu
2385 1518 2555 1581 dicas
2581 1512 2752 1596 quod
2779 1511 3013 1575 veritas
3040 1504 3425 1589 complexio-

1893 1632 1994 1695 nis
2012 1629 2248 1711 triplex
2269 1629 2384 1704 est,
2409 1623 2641 1687 scilicet
2666 1616 3008 1702 positionis,
3033 1610 3426 1697 privationi5‚

1893 1743 1956 1802 et
1995 1734 2390 1817 negationiS‚
2425 1738 2488 1795 et
2526 1729 2733 1813 prima
2770 1729 3069 1789 causatur
3098 1741 3138 1786 a
3166 1721 3430 1785 veritate

1892 1846 2021 1921 rei,
2075 1841 2352 1907 secunda
2393 1856 2547 1903 vero
2588 1840 2650 1901 et
2694 1834 2878 1898 tertia
2921 1849 3052 1896 non
3095 1833 3426 1905 causatum

1895 1956 2115 2016 contra
2146 1973 2160 2013 :
2195 1947 2614 2029 Philosophus
2644 1941 3024 2024 generaliter
3050 1937 3222 2015 dicit,
3254 1934 3428 2018 quod

1893 2060 1975 2123 ab
2002 2076 2079 2123 eo
2105 2057 2276 2139 quod
2304 2073 2408 2118 res
2437 2057 2563 2131 est,
2591 2050 2695 2115 vel
2720 2065 2854 2111 non
2880 2048 3009 2123 est,
3041 2042 3241 2109 oratio
3273 2040 3431 2105 dici-

1894 2171 2001 2230 tur
2035 2183 2191 2230 vera
2207 2212 2224 2240 ‚
2264 2162 2368 2228 vel
2406 2160 2560 2225 falsa
2575 2165 2596 2200 ‘¹
2634 2176 2651 2220 τ
2682 2173 2840 2237 ergo
2879 2153 3002 2217 hoc
3037 2151 3278 2232 ubique
3317 2166 3431 2213 ve-

1895 2292 2045 2338 rum
2072 2276 2185 2336 est.

1975 2386 2036 2446 4.
2072 2380 2264 2455 Item,
2300 2394 2491 2441 omne
2531 2371 2703 2457 quod
2738 2370 2927 2434 modo
2958 2384 3186 2431 verum
3225 2369 3318 2429 oet
3355 2365 3433 2429 de

1897 2487 2192 2570 praesenti
2209 2534 2226 2563 ‚
2266 2485 2348 2548 ab
2392 2487 2631 2547 aeterno
2667 2477 2790 2542 fuit
2824 2493 3055 2540 verum
3074 2476 3096 2510 ⁸
3131 2494 3146 2534 ε
3175 2490 3332 2552 ergo
3379 2471 3433 2534 si

1896 2594 2138 2658 malum
2164 2610 2298 2656 esse
2325 2589 2512 2653 modo
2537 2592 2631 2650 est
2656 2601 2911 2656 verum,
2937 2581 3020 2644 ab
3045 2584 3285 2643 aeterno
3316 2577 3434 2641 fuit

1898 2718 2173 2764 verum:
2210 2698 2319 2762 sed
2365 2694 2525 2758 nihil
2568 2688 2956 2756 aeternaliter
3004 2686 3123 2748 fuit
3167 2701 3430 2759 verum,

1894 2807 2019 2874 nisi
2060 2808 2223 2870 esset
2260 2803 2463 2877 DeuS,
2504 2796 2611 2862 vel
2650 2796 2717 2858 in
2759 2793 2915 2872 De0,
2960 2794 3033 2856 ut
3072 2790 3144 2852 in
3189 2806 3431 2852 causat

1897 2933 2054 2996 ergo
2081 2915 2136 2977 si
2172 2912 2413 2975 malum
2443 2908 2576 2970 fore
2606 2904 2726 2968 fuit
2751 2885 3015 2977 verum,
3048 2901 3111 2961 et
3147 2915 3279 2960 nou
3313 2895 3436 2958 fuit

1899 3021 2093 3099 DeuS‚
2134 3018 2253 3083 suit
2282 3018 2352 3080 in
2380 3015 2502 3079 Deo
2532 3018 2839 3092 tanquam
2868 3007 2939 3071 in
2969 3022 3161 3069 causa
3186 3023 3226 3067 a
3257 3002 3382 3066 Deo
3416 3022 3431 3064 :

1899 3128 2009 3192 sed
2029 3128 2154 3191 hoc
2181 3125 2411 3189 falsum
2443 3143 2458 3185 ε
2490 3136 2649 3200 ergo
2665 3164 2682 3187 .
2716 3119 2836 3180 etc.

2442 3375 2889 3447 CONCLUSIO.

1952 3538 2107 3601 Mala
2132 3542 2252 3613 fieri
2278 3541 2353 3596 est
2376 3550 2592 3601 verum,
2632 3547 2749 3587 cum
2774 3543 2896 3584 vere
2924 3527 3018 3582 hoc
3046 3526 3384 3593 enuntietur,

2394 3627 2553 3694 atque
2580 3620 2950 3688 intelligatur.

1985 3769 2168 3850 Resp.
2218 3766 2299 3830 ad
2340 3764 2501 3842 Arg.
2545 3756 2892 3824 Dicendum
2928 3751 3102 3835 quod
3141 3750 3279 3812 sine
3315 3747 3444 3811 dis·

1905 3878 2205 3943 tinctione
2236 3868 2706 3937 concedendum
2733 3868 2858 3942 est,
2895 3861 3066 3944 quod
3111 3860 3278 3923 mala
3304 3856 3446 3920 fieri

1908 3990 2001 4051 est
2031 4002 2302 4049 verum:
2350 3997 2502 4045 vere
2536 3976 2709 4039 enim
2750 3971 3146 4044 enuntiatur,
3192 3970 3254 4030 et
3297 3982 3448 4028 vere

1908 4090 2309 4173 intelligitur.
2359 4085 2597 4151 Verum
2642 4080 2817 4145 enim
2858 4077 3102 4142 dictum
3149 4075 3226 4138 de
3269 4089 3450 4136 com-

1909 4180 2103 4284 plexo
2147 4194 2402 4279 respicit
2451 4187 2975 4271 compositionem
2997 4232 3015 4262 ‚
3075 4183 3239 4245 sicut
3296 4178 3451 4243 dicit

1911 4304 2330 4386 Philosophus
2352 4306 2411 4377 ⁹,
2449 4298 2604 4380 quia
2644 4294 2877 4359 veritas
2913 4296 2977 4355 et
3015 4288 3248 4352 falsitas
3285 4285 3450 4348 circa

1913 4411 2433 4496 compositionem
2453 4403 2805 4469 consistunt
2827 4422 2841 4463 :
2869 4405 2932 4462 et
2953 4397 3094 4460 ideo
3118 4394 3268 4457 dicit
3287 4391 3451 4454 veri-

1912 4527 2109 4587 tatem
2169 4515 2344 4598 signi
2380 4533 2398 4578 ε
2451 4512 2712 4593 signum
2771 4510 2989 4571 autem
3041 4507 3135 4566 est
3180 4517 3410 4565 verum
3427 4546 3447 4577 ,

1915 4628 2173 4713 quando
2197 4626 2411 4706 signat
2438 4637 2578 4683 rem
2601 4636 2668 4681 se
2697 4615 2931 4679 habere
2956 4611 3119 4674 sicut
3144 4626 3211 4672 se
3234 4607 3448 4685 habet,

1915 4740 2073 4800 tunc
2093 4732 2266 4797 enim
2284 4728 2515 4793 dicitur
2539 4721 2903 4804 adaequari:
2929 4723 2994 4782 et
3019 4716 3163 4780 ideo
3189 4731 3341 4777 cum
3365 4712 3454 4774 ita

1917 4863 1985 4907 se
2009 4842 2238 4906 habeat
2273 4837 2342 4899 in
2366 4853 2438 4898 re
2462 4833 2627 4896 sicut
2652 4831 2915 4910 signum
2942 4822 3269 4906 exprimit,
3297 4820 3452 4883 sim-

1917 4949 2161 5035 pliciter
2187 4940 2529 5025 loquendO,
2555 4954 2787 5001 verum
2813 4938 2908 4999 est
2933 4933 3104 4997 mala
3129 4928 3291 4993 sseri.

1921 5114 1942 5147 ⁸
1981 5109 2238 5167 Ambros„
2273 5103 2358 5153 vel
2391 5100 2563 5167 potius
2601 5097 2787 5147 Euseb.
2823 5093 3097 5156 Emissen.‚
3138 5092 3191 5140 in
3229 5088 3392 5152 Epist.
3431 5085 3456 5135 1

1921 5183 1991 5234 ad
2020 5182 2157 5241 Cor„
2196 5191 2242 5227 c.
2271 5186 2346 5225 ιιι
2365 5209 2383 5235 ,
2420 5173 2474 5221 in
2515 5168 2735 5235 princip.
2769 5191 2831 5203 —
2858 5166 2880 5201 θ
2925 5165 3099 5227 Arist„
3142 5159 3454 5217 Proedicam„

1923 5269 2035 5320 cap.
2079 5251 2140 5300 de
2181 5246 2486 5311 Quantitate.
2526 5268 2580 5278 —
2610 5241 2632 5276 '¹
2668 5237 2817 5301 thid„
2857 5251 2906 5286 c.
2948 5236 3008 5285 de
3034 5233 3347 5287 Substantia.
3394 5254 3458 5268 ·-

1922 5330 1945 5365 ⁸
1963 5324 2112 5386 thid„
2138 5335 2185 5371 c.
2213 5318 2272 5369 de
2295 5316 2602 5380 Quantitate.
2630 5335 2692 5349 —-
2716 5309 2929 5372 ⁹Arist.,
2964 5307 3026 5358 de
3050 5306 3337 5373 Inter-pret„
3363 5299 3453 5352 lib.

1926 5400 2002 5461 11,
2027 5409 2075 5448 c.
2094 5406 2146 5445 v.
