4125 6225
778 362 896 426 146

773 497 1174 578 Augustinus
1211 495 1361 560 dicit
1386 502 1405 538 ¹
1442 518 1457 560 :
1498 519 1529 557 α
1554 493 1694 559 Alia
1724 494 1966 557 ratione
2010 492 2303 556 conditus

773 608 869 668 est
894 604 1118 681 hom0‚
1149 602 1272 666 alia
1289 602 1534 667 ratione
1565 600 1852 666 conditus
1871 605 1965 665 est
1988 619 2195 683 equus
2222 619 2240 663 ε
2266 622 2296 658 ι)

773 730 930 792 ergo
949 710 1071 774 alia
1085 714 1150 774 et
1174 711 1298 775 alia
1314 711 1556 775 ratione
1578 712 1744 774 fiunt
1760 708 2044 791 opposita
2071 730 2085 770 ι
2116 725 2297 788 ergo,

772 818 992 882 eadem
1035 817 1280 882 ratione
1321 820 1616 882 manente
1636 865 1654 895 ‚
1689 834 1820 881 non
1854 815 2060 898 potuit
2099 815 2302 880 facere

772 925 1080 1007 opposita.

851 1030 1036 1114 Resp.
1082 1031 1428 1095 Dicendum
1454 1030 1627 1114 quod
1663 1029 1964 1112 Magister
1989 1034 2175 1097 vocat
2198 1029 2303 1109 hic

768 1140 1116 1216 rationem,
1156 1139 1550 1203 voluntatem
1584 1138 1692 1202 Dei
1726 1138 2160 1221 aequissimam
2191 1155 2209 1200 ε
2240 1139 2304 1201 et

768 1248 934 1312 sicut
951 1247 1190 1311 dictum
1205 1250 1300 1310 est
1316 1264 1510 1328 supra
1522 1247 1569 1325 ³,
1590 1246 1762 1328 quod
1778 1246 1929 1328 quia
1948 1244 2112 1309 Deus
2124 1244 2306 1309 novit

767 1350 1014 1428 omnia,
1043 1349 1188 1413 ideo
1214 1352 1420 1432 potest
1442 1349 1600 1413 scire
1626 1348 1919 1431 opposita
1951 1348 2091 1412 sine
2114 1348 2302 1411 inno—

764 1458 1018 1522 vatione
1057 1457 1337 1521 scientiae
1356 1505 1374 1535 ,
1413 1456 1502 1520 ita
1534 1456 1728 1520 etiam
1756 1459 1820 1520 et
1845 1455 1922 1520 de
1948 1456 2299 1520 voluntate.

764 1562 940 1628 Unde
1000 1582 1136 1628 non
1205 1563 1587 1644 intelligitur
1648 1563 1947 1628 voluntas
2021 1561 2293 1641 mutari,

762 1672 1019 1754 quando
1036 1670 1200 1735 Deus
1218 1675 1422 1754 potest
1444 1671 1610 1736 velle
1636 1671 1809 1753 quod
1837 1688 1968 1734 non
1987 1670 2154 1749 vult;
2187 1669 2298 1733 sed

761 1779 1017 1862 aliquod
1051 1779 1326 1844 volitum
1363 1780 1443 1843 ad
1480 1780 1685 1862 ipsam
1728 1778 2083 1859 comparari
2102 1826 2120 1856 ,
2162 1778 2302 1860 ipsa

760 1906 892 1951 una
917 1890 982 1951 et
1005 1886 1227 1951 eadem
1251 1891 1315 1950 et
1339 1886 1729 1950 immutabili
1758 1890 2128 1950 remanente
2143 1934 2160 1963 ‚
2190 1885 2300 1950 sed

760 1995 884 2059 alio
912 1995 1103 2059 modo
1124 1997 1488 2076 comparata
1503 2043 1520 2071 ‚
1543 1994 1680 2058 sive
1697 1994 1780 2059 ad
1796 1993 1971 2059 aliud
1993 1997 2057 2056 et
2080 1992 2254 2058 aliud
2279 2008 2298 2053 ε

761 2105 825 2167 et
854 2103 945 2166 ita
967 2101 1268 2184 intelligit
1295 2100 1619 2184 Magister.

1397 2295 1535 2342 DUB.
1585 2294 1659 2341 V.

760 2419 881 2471 Hoec
911 2422 1082 2470 autem
1107 2419 1321 2485 quaestio
1351 2420 1414 2470 de
1441 2416 1764 2484 praescietitia
1788 2416 1936 2468 facile
1964 2403 2299 2467 'determinari

984 2497 1155 2556 potest
1179 2506 1273 2556 per
1289 2506 1351 2543 ea
1372 2506 1487 2557 quae
1511 2491 1745 2556 superius
1773 2490 1909 2539 dicta
1926 2492 2062 2539 sunt.

839 2636 1161 2715 Quaeritur
1191 2656 1306 2720 per
1335 2638 1488 2721 quid
1510 2636 1968 2701 determinatur
2002 2633 2300 2717 superius

755 2744 1019 2810 dictum.
1054 2744 1316 2810 Videtur
1358 2745 1530 2811 enim
1567 2742 2039 2827 argumentatio
2076 2759 2300 2805 neces-

756 2852 922 2915 saria
952 2874 967 2915 z
998 2851 1053 2915 si
1078 2870 1237 2933 ergo
1281 2850 1448 2916 Deus
1475 2850 1636 2914 nihil
1664 2853 1869 2932 potest
1893 2848 2144 2932 operari
2175 2847 2299 2910 nisi

755 2959 914 3025 illud
939 2961 1251 3043 praesciat,
1280 2965 1345 3026 et
1369 2979 1502 3026 non
1529 2959 1779 3044 praescit
1801 2958 1925 3023 nisi
1951 2976 2099 3041 quae
2126 2956 2295 3038 facit,

755 3085 935 3151 ergO,
964 3072 1085 3135 etc.

835 3176 1185 3241 Dicendum
1235 3179 1330 3240 est
1364 3175 1444 3241 ad
1483 3175 1605 3239 hoc
1628 3223 1648 3254 ,
1684 3174 1858 3258 quod
1893 3172 2060 3238 Deus
2096 3175 2300 3256 potest

755 3284 1051 3367 praescire
1088 3284 1277 3367 plura
1323 3300 1521 3365 quam
1548 3282 1802 3364 praescit
1823 3328 1843 3359 ,
1890 3281 2056 3346 sicut
2095 3284 2299 3363 potest

756 3391 945 3473 plura
965 3391 1241 3473 operari.
1272 3389 1449 3454 Unde
1489 3388 1862 3471 huJusmodi
1895 3388 2127 3454 solutio
2163 3392 2295 3466 est,

755 3497 928 3579 quod
975 3497 1369 3580 praescientia
1415 3495 1526 3560 Dei
1565 3500 1768 3578 potest
1807 3514 1943 3560 esse
1987 3496 2258 3578 alicuius
2275 3542 2294 3573 ‚

756 3608 944 3688 cujus
967 3625 1098 3671 non
1123 3611 1239 3684 est,
1261 3611 1325 3671 et
1349 3605 1438 3669 ita
1465 3603 1629 3669 Deus
1651 3607 1854 3687 potest
1876 3604 2080 3669 facere
2102 3603 2292 3681 illud;

756 3713 823 3776 et
853 3712 1127 3796 alicujus
1165 3731 1299 3777 non
1334 3730 1469 3776 esse
1502 3714 1687 3793 cujus
1725 3714 1856 3791 est,
1901 3715 1967 3776 et
2005 3712 2096 3774 ita
2132 3709 2297 3776 Deus

755 3823 960 3901 potest
987 3820 1143 3886 illud
1170 3839 1302 3885 non
1327 3821 1562 3898 facere;
1591 3824 1654 3883 et
1676 3837 2009 3901 nunquam
2034 3819 2298 3900 ponitur

755 3926 996 4010 aliquid
1021 3929 1227 3994 facere
1252 3929 1388 3993 sine
1419 3926 1837 4010 praescientia.
1869 3925 1968 3990 Ex
2000 3925 2124 3990 hoc
2156 3943 2294 3989 ma-

754 4031 1061 4097 nifestum
1072 4037 1168 4097 est
1189 4034 1364 4117 quod
1382 4051 1516 4097 non
1538 4038 1632 4098 est
1647 4033 2076 4098 necessarium
2094 4033 2296 4098 Deum

756 4140 1055 4221 praescire
1093 4142 1267 4224 quod
1305 4141 1559 4224 praescit
1587 4163 1604 4205 ε
1645 4141 1699 4205 si
1736 4141 1913 4206 enim
1939 4141 2061 4207 hoc
2091 4146 2293 4223 esset,

754 4249 911 4311 tunc
955 4247 1345 4331 impossibile
1384 4253 1547 4313 esset
1583 4249 1788 4313 Deum
1827 4247 2006 4314 aliud
2047 4249 2252 4313 facere
2273 4295 2292 4328 ‚

754 4370 951 4436 quam
985 4354 1148 4420 illud
1171 4355 1345 4440 quod
1370 4356 1520 4422 facit
1548 4376 1567 4421 ε
1598 4360 1662 4421 et
1697 4355 1805 4421 hic
1825 4358 1922 4422 est
1945 4373 2126 4421 error
2155 4373 2294 4421 ma-

753 4460 1043 4528 nifestus.

1395 4561 1537 4609 nun.
1583 4561 1678 4610 vr.

837 4668 919 4720 An
942 4670 1110 4736 putas,
1141 4668 1261 4734 quia
1282 4682 1390 4720 non
1411 4681 1624 4735 possum
1643 4680 1828 4733 rogare
1853 4669 2077 4731 Patrem,
2107 4669 2209 4719 etc.

832 4782 1098 4852 Videtur
1135 4784 1296 4850 illud
1331 4802 1464 4848 non
1490 4784 1651 4848 bene
1685 4783 1928 4848 dictum
1944 4831 1964 4864 ,
2008 4783 2163 4866 quia
2186 4785 2298 4847 aut

754 4888 942 4956 Pater
979 4893 1232 4958 volebat
1265 4891 1415 4956 dare
1434 4938 1454 4969 ,
1484 4895 1598 4955 aut
1626 4908 1759 4954 non
1791 4913 1806 4954 :
1837 4890 1892 4954 si
1916 4890 2206 4967 volebat,
2235 4893 2298 4955 et

754 4998 1037 5065 Christus
1065 5019 1200 5065 non
1225 5000 1507 5076 volebat,
1531 5017 1691 5080 ergo
1726 4999 1798 5062 in
1819 4999 2148 5065 voluntate
2170 4999 2298 5064 dis-

753 5107 1127 5194 cordabant3
1161 5109 1216 5172 si
1241 5112 1457 5173 autem
1486 5107 1761 5186 nolebat,
1786 5110 1850 5170 et
1875 5104 2158 5170 Christus
2186 5124 2296 5188 po-

752 5216 914 5280 terat
937 5220 1181 5299 petere‚
1208 5234 1367 5299 ergo
1394 5217 1641 5299 poterat
1668 5232 1708 5278 a
1732 5212 2059 5280 voluntate
2087 5213 2297 5278 Patris

817 5338 835 5375 ¹
863 5340 1100 5405 August„
1139 5341 1304 5406 Epist.
1344 5340 1415 5392 ad
1447 5337 1687 5403 Nebrid,
1719 5350 1840 5404 cxv,
1878 5339 1948 5391 al.
1973 5349 2083 5402 nv,
2116 5338 2296 5404 quoad

1935 354 2564 424 SENTENTLARUM
2604 355 2751 422 LIB.
2796 357 2845 422 1.

2408 491 2759 557 discordare
2790 511 2809 555 z
2837 509 2995 574 ergo
3037 509 3295 575 peccare
3337 513 3356 557 z
3398 492 3572 575 quod
3597 496 3689 557 est
3720 497 3918 560 contra

2407 599 2744 663 veritatem
2771 604 3010 682 aperte.

2488 705 2672 789 Resp.
2707 707 3056 771 Dicendum
3081 706 3251 790 quod
3282 704 3465 769 Pater
3489 705 3731 770 nolebat
3752 707 3915 789 dare,

2407 813 2470 873 et
2497 809 2778 874 Christus
2803 810 3055 873 nolebat
3088 814 3329 892 petere3
3358 809 3465 872 sed
3500 807 3680 873 Pater
3703 815 3921 891 poterat

2408 917 2592 996 velle,
2624 922 2685 981 et
2713 917 2997 982 Christus
3023 917 3313 982 similiter
3343 921 3578 999 petere,
3609 922 3669 981 et
3693 918 3774 981 ita
3805 938 3920 984 non

2408 1023 2785 1088 discordare.
2828 1023 3008 1089 Tunc
3039 1029 3255 1089 autem
3292 1024 3713 1089 discordantia
3739 1030 3919 1103 esset,

2407 1131 2464 1194 si
2489 1130 2770 1197 Christus
2794 1136 3004 1214 posset
3025 1136 3257 1215 petere,
3287 1136 3350 1195 et
3377 1131 3560 1195 Pater
3583 1149 3713 1194 non
3733 1136 3925 1214 posset

2407 1237 2602 1318 velle;
2640 1258 2770 1322 quo
2799 1240 2989 1304 modo
3018 1243 3233 1304 autem
3275 1238 3440 1304 Deus
3479 1238 3674 1320 possit
3705 1238 3923 1320 aliquid

2407 1345 2571 1413 velle
2591 1346 2764 1429 quod
2787 1364 2921 1412 non
2944 1347 3121 1425 velit,
3153 1364 3351 1429 supra
3374 1346 3395 1381 ³
3422 1345 3712 1411 habitum
3741 1350 3847 1409 est.

3032 1566 3171 1612 mm.
3208 1565 3324 1610 vn.

2427 1680 2684 1746 Numquid
2710 1680 2984 1733 dicendum
3009 1686 3117 1732 est:
3138 1683 3255 1732 Non
3279 1679 3446 1745 potuit
3470 1680 3659 1732 Judam
3684 1681 3909 1733 suscitare

3038 1753 3092 1803 in
3113 1756 3286 1804 mente
3302 1754 3329 1801 Ἰ

2488 1881 2585 1947 Ex
2610 1883 2732 1949 hoc
2774 1883 3030 1949 videtur
3068 1883 3239 1966 quod
3276 1882 3442 1947 Deus
3474 1883 3672 1965 possit
3705 1882 3931 1947 salvare

2405 1987 2440 2053 J
2443 1989 2639 2053 udam
2670 2010 2686 2050 ε
2715 2006 2873 2071 ergo
2902 1990 3038 2071 pari
3056 1991 3303 2053 ratione
3329 1988 3639 2054 damnare
3664 1987 3929 2053 Petrum.

2407 2097 2636 2163 Contra
2665 2120 2681 2163 t
2726 2098 2757 2162 J
2766 2102 2946 2163 ustus
2972 2103 3098 2178 est,
3132 2102 3196 2163 et
3220 2117 3459 2179 negare
3496 2098 3778 2180 seipsum
3815 2116 3934 2162 non

2407 2209 2640 2286 potest3
2674 2224 2832 2287 ergo
2858 2225 2978 2271 nec
3018 2207 3219 2271 facere
3247 2211 3469 2271 contra
3501 2205 3836 2287 J'ustitiam.
3875 2203 3934 2268 Si

2407 2314 2482 2375 tu
2503 2312 2695 2392 dicas,
2718 2314 2891 2396 quod
2910 2315 3029 2378 hoc
3047 2332 3180 2377 non
3200 2317 3430 2397 potest;
3457 2318 3678 2377 contra
3698 2331 3714 2376 z
3739 2312 3935 2377 Posset

2406 2416 2572 2482 Deus
2598 2420 2921 2484 destruere
2945 2420 3164 2483 omnia
3182 2438 3329 2503 quae
3354 2420 3520 2499 facit,
3550 2420 3724 2502 quod
3742 2422 3936 2503 majus

2406 2532 2501 2593 est
2531 2550 2547 2592 :
2579 2548 2736 2611 ergo
2769 2530 2976 2594 multo
3003 2530 3226 2593 fortius
3248 2530 3369 2593 hoc
3396 2533 3621 2611 potest.

2487 2635 2670 2720 Resp.
2720 2637 2934 2720 Aliqui
2986 2637 3391 2718 distinguunt
3443 2636 3549 2700 hic
3600 2635 3932 2719 potentiam
3959 2640 4063 2697 091²

2406 2741 2516 2808 Dei
2540 2744 2872 2826 dupliciter
2890 2794 2909 2824 ,
2952 2745 3227 2809 dicentes
3254 2744 3455 2807 Deum
3485 2761 3669 2827 posse
3696 2748 3807 2808 aut
3832 2761 3937 2829 po-

2404 2851 2602 2914 tentia
2627 2852 2943 2933 absoluta,
2971 2855 3034 2917 et
3058 2852 3149 2916 sic
3185 2854 3386 2933 potest
3407 2849 3441 2914 J
3443 2851 3643 2915 udam
3671 2851 3934 2925 salvare,

2406 2962 2471 3021 et
2506 2957 2766 3022 Petrum
2801 2956 3136 3038 damnare;
3182 2961 3297 3023 aut
3331 2958 3409 3022 de
3448 2958 3731 3040 potentia
3776 2958 3939 3022 ordi·
4045 2999 4057 3018 .

2406 3068 2589 3146 nata,
2632 3069 2696 3130 et
2728 3066 2822 3131 sic
2857 3084 2992 3131 non
3033 3070 3259 3150 potest.
3304 3064 3427 3131 Sed
3457 3066 3599 3132 haec
3637 3066 3938 3131 distinctio

2405 3190 2540 3237 non
2564 3173 2818 3239 videtur
2844 3192 2980 3239 esse
3001 3174 3411 3254 convenienS,
3435 3192 3586 3239 cum
3614 3174 3779 3238 nihil
3803 3192 3941 3256 pos-

2405 3278 2489 3343 sit
2533 3277 2729 3359 Deus,
2767 3281 2940 3364 quod
2984 3299 3119 3345 non
3162 3281 3358 3364 possit
3402 3282 3715 3346 ordinate.
3764 3279 3939 3345 Posse

2406 3385 2580 3450 enim
2607 3387 2960 3452 inordinate
2985 3388 3192 3453 facere
3210 3436 3229 3467 ‚
3259 3391 3356 3453 est
3381 3406 3512 3452 non
3545 3407 3727 3471 posse
3742 3438 3760 3468 ,
3791 3388 3942 3451 sicut

2406 3512 2590 3577 posse
2630 3513 2888 3578 peccare
2910 3543 2929 3572 ,
2977 3500 3042 3560 et
3079 3513 3264 3580 posse
3295 3495 3575 3560 mentiri.
3619 3493 3799 3560 Unde
3832 3513 3939 3559 nec

2406 3603 2686 3685 potentia
2719 3605 3007 3670 abmluta
3020 3654 3038 3684 ‚
3068 3624 3185 3670 nec
3211 3605 3500 3670 ordinata
3527 3609 3734 3688 potest
3760 3623 3940 3669 men-

2405 3711 2534 3776 tiri.
2572 3713 2773 3778 Aliter
2812 3714 3035 3779 dicunt
3067 3714 3175 3779 alii
3196 3764 3215 3794 ‚
3246 3715 3418 3797 quod
3461 3717 3672 3798 potest
3703 3714 3939 3778 salvare
3962 3720 4069 3776 091²

2405 3817 2666 3900 Judam,
2696 3821 2805 3885 sed
2830 3840 2962 3885 non
2987 3822 3291 3886 damnare
3319 3821 3580 3886 Petrum
3597 3870 3615 3901 ,
3645 3821 3800 3903 quia
3822 3822 3941 3886 mi-

2405 3927 2762 3995 sericordia
2787 3930 2925 4012 ejus
2947 3946 3138 4012 super
3172 3930 3393 3997 omnia
3419 3945 3614 4012 opera
3638 3929 3778 4010 ejus
3804 3933 3857 4008 ⁸,
3883 3929 3942 3992 et

2405 4036 2855 4103 misericordia
2900 4038 3339 4120 superexaltat
3368 4037 3704 4120 ‚iudicium
3746 4013 3789 4072 ⁸⁹
3807 4058 3833 4101 .·
3883 4040 3943 4099 et

2406 4142 2653 4207 salvare
2686 4142 2720 4207 J
2722 4143 2918 4208 udam
2952 4147 3117 4208 esset
3143 4142 3720 4227 superabundantis
3762 4141 3943 4206 mise-

2407 4249 2726 4330 ricordiae3
2769 4251 2879 4315 sed
2915 4251 3218 4316 damnare
3248 4250 3507 4316 Petrum
3531 4255 3697 4316 esset
3724 4248 3944 4314 crude-

2405 4354 2597 4420 litatis
2615 4359 2919 4423 maximae
2938 4380 2954 4423 ε
2976 4359 3087 4424 sed
3107 4363 3323 4423 tamen
3339 4378 3489 4424 cum
3511 4360 3681 4425 Deus
3698 4375 3944 4422 summe

2399 4467 2616 4547 justus
2639 4466 2753 4548 sit,
2783 4486 3035 4532 summe
3062 4467 3454 4548 misericors,
3479 4468 3646 4533 sicut
3670 4485 3804 4531 non
3828 4484 3943 4548 po-

2405 4576 2528 4638 test
2572 4573 2775 4638 facere
2825 4578 3045 4639 eontra
3095 4574 3594 4640 misericordiam
3610 4624 3633 4655 ,
3694 4574 3788 4639 sic
3834 4591 3944 4637 nec

2407 4684 2627 4746 contra
2648 4680 2987 4763 justitiam.
3010 4681 3157 4748 ldeo
3174 4682 3355 4748 aliter
3376 4682 3595 4746 dicunt
3618 4680 3752 4760 alii,
3778 4678 3944 4762 quod
3967 4681 4079 4737 ⁰⁹1⁸-

2407 4787 2574 4852 Deus
2611 4792 2919 4854 neutrum
2956 4794 3160 4872 potest
3190 4812 3205 4854 :
3246 4793 3308 4854 et
3344 4789 3468 4854 hoc
3505 4808 3640 4854 non
3687 4789 3945 4868 derogat

2411 4896 2552 4977 ejus
2572 4895 2893 4978 potentiae,
2919 4896 3072 4979 quia
3094 4901 3367 4980 utraque
3394 4900 3603 4962 essent
3639 4894 3945 4980 injustitia

2406 5005 2470 5067 et
2493 5002 2897 5082 inordinatio,
2927 5022 3228 5070 revocare
3253 5023 3449 5087 quem
3469 5004 3748 5070 finaliter
3772 5004 3944 5068 dam·

2406 5107 2618 5189 navit,
2651 5114 2716 5173 et
2748 5110 2861 5193 qui
2896 5110 3176 5176 finaliter
3214 5111 3504 5178 damnari
3532 5111 3793 5177 meruit.
3823 5107 3942 5176 Nec

2406 5271 2745 5321 sensum—⁸
2764 5269 2892 5321 Dist.
2911 5283 3136 5336 mvm,
3155 5274 3252 5323 art.
3272 5274 3321 5322 2.
3343 5299 3407 5310 —
3428 5274 3451 5308 ³
3468 5273 3593 5325 Dist.
3618 5283 3691 5325 Π.
3711 5309 3729 5337 ,
3758 5274 3852 5322 art.
3875 5274 3896 5320 t
3920 5307 3933 5331 ,

2406 5353 2462 5405 q.
2484 5353 2565 5393 m.
2587 5367 2643 5378 —
2673 5341 2696 5377 ⁴
2716 5343 2802 5394 Pe.
2826 5354 3002 5406 cmv,
3026 5347 3076 5395 9.
3094 5368 3158 5382 -
3181 5344 3350 5408 Uoc„
3374 5355 3448 5411 11,
3472 5347 3551 5397 ¹3.
