4125 6225
1165 450 1361 515 DIST.
1407 450 1457 514 l.
1502 446 1734 512 PART.
1777 445 1858 510 ΙΙ.
1901 436 2086 511 ART.
2131 446 2210 511 II.
2255 446 2551 524 QUAEST.
2596 447 2641 512 l.

318 578 542 651 fectior
601 607 617 650 ι
677 586 787 651 sed
847 586 1056 666 gloria
1118 586 1226 649 Dei
1286 589 1380 649 est
1438 585 1772 667 perfectior
1836 601 1853 647 ι

316 706 482 775 ergo
500 740 522 771 ,
550 695 671 757 etc.
712 692 1003 757 Probatio
1039 693 1290 758 mediae.
1342 691 1679 757 Perfectior
1713 691 1859 754 finis

318 804 435 878 est,
463 800 575 882 qui
602 800 1036 883 perfectiorem
1061 802 1263 865 reddit
1290 802 1721 884 operationem
1750 818 1853 864 or-

317 905 603 970 dinatam
644 907 723 971 ad
768 907 980 989 ipsum
1024 925 1041 971 :
1092 908 1201 972 sed
1244 908 1448 972 multo
1496 907 1725 972 melius
1765 911 1860 971 est

317 1032 481 1097 opus
508 1015 679 1098 quod
722 1016 867 1098 quis
909 1017 1057 1081 facit
1100 1021 1359 1100 propter
1388 1015 1662 1098 gloriam
1706 1016 1854 1095 Dei,

315 1140 516 1205 quam
535 1124 791 1204 propter
807 1122 1141 1199 utilitatem
1162 1141 1377 1202 suam3
1402 1125 1575 1188 unde
1596 1125 1860 1207 Aposto-
1900 1134 1909 1140 '

312 1228 421 1292 lus
479 1230 499 1265 ¹
558 1251 572 1293 :
663 1229 894 1295 Omnia
945 1233 1021 1296 in
1076 1231 1345 1313 gloriam
1400 1231 1518 1297 Dei
1558 1232 1779 1311 'facite
1834 1253 1857 1295 .·

202 1350 211 1357 ·
317 1354 501 1417 erg0,
530 1340 650 1400 etc.

60 2743 128 2785 Ad
164 2758 282 2799 opp.

399 1442 555 1506 Item
583 1442 689 1506 ille
714 1447 810 1507 est
845 1443 1257 1525 principalior
1290 1444 1459 1521 finiS‚
1488 1445 1603 1526 qui
1640 1448 1736 1509 est
1759 1463 1859 1509 es-

312 1550 640 1614 sentialior
687 1567 704 1613 ε
756 1549 866 1613 sed
923 1550 1128 1632 gloria
1180 1549 1293 1614 Dei
1336 1553 1431 1614 est
1472 1550 1861 1616 essentialior

316 1656 676 1738 unicuique
714 1656 809 1720 rei
849 1657 1121 1721 conditae
1144 1706 1162 1735 ,
1202 1658 1483 1722 maxime
1523 1658 1819 1722 rationali
1837 1707 1856 1738 ,

312 1783 516 1847 quam
541 1765 779 1828 utilitas
810 1782 965 1844 sua3
989 1784 1139 1829 nam
1157 1784 1261 1830 res
1282 1770 1537 1849 propter
1552 1766 1862 1831 malitiam

313 1874 524 1955 potest
565 1872 809 1955 privari
844 1892 961 1938 sua
1004 1874 1275 1939 utilitate
1291 1922 1309 1955 ,
1341 1875 1450 1939 sed
1485 1892 1617 1939 non
1659 1879 1865 1957 potest

312 1986 611 2061 unquam
637 1979 797 2062 quin
822 1980 904 2043 sit
935 1981 1015 2045 ad
1042 1980 1150 2044 Dei
1177 1981 1471 2062 gloriam.

402 2085 561 2150 Item
589 2086 695 2152 ille
722 2092 815 2151 est
839 2088 1250 2171 principalior
1270 2090 1441 2166 flniS,
1464 2090 1576 2172 qui
1603 2094 1697 2154 est
1716 2091 1863 2155 uni-

314 2192 652 2272 versalior,
682 2197 943 2277 propter
966 2194 1089 2258 hoc
1117 2194 1285 2276 quod
1329 2195 1694 2278 principalis
1718 2198 1867 2262 finis

314 2305 530 2364 totum
579 2300 763 2364 dehet
789 2300 1122 2383 complecti
1172 2319 1190 2364 z
1232 2302 1342 2366 sed
1381 2303 1588 2384 gloria
1622 2303 1732 2368 Dei
1770 2309 1868 2369 est

272 2461 276 2465 .
318 2410 470 2473 finis
494 2457 514 2488 ,
556 2428 751 2491 quem
796 2409 1157 2492 assequitur
1190 2411 1399 2475 omnis
1428 2417 1659 2477 natura
1679 2463 1696 2494 ,
1731 2415 1867 2481 sive

314 2515 641 2594 humana,
698 2516 835 2581 sive
880 2518 1196 2599 angelica,
1253 2519 1388 2584 sive
1442 2521 1613 2584 bona
1642 2568 1662 2600 ,
1731 2521 1869 2586 sive

318 2624 493 2688 mala
523 2642 543 2686 ι
569 2642 749 2706 erg0,
774 2628 893 2689 etc.
1579 2706 1584 2719 υ

403 2732 635 2797 Contra
674 2753 692 2796 ε
742 2735 773 2795 1
787 2781 802 2796 .
845 2732 957 2798 Ille
996 2737 1090 2797 est
1136 2734 1285 2797 finis
1326 2735 1735 2818 principalior
1778 2735 1874 2802 rei

317 2840 626 2920 conditae,
670 2859 865 2924 quem
906 2841 1184 2905 efficiens
1225 2843 1433 2922 magis
1470 2842 1736 2907 intendit
1780 2847 1802 2879 ²
1851 2861 1868 2905 :

318 2950 435 3014 sed
461 2948 629 3013 Deus
658 2950 867 3031 magis
892 2949 1193 3029 intendit,
1218 2949 1288 3013 in
1310 2951 1668 3017 conditione
1696 2972 1874 3018 crea-

318 3062 515 3134 turae,
546 3060 688 3140 ejus
713 3055 1080 3135 utilitatem,
1108 3074 1307 3139 quam
1334 3056 1608 3140 gloriam
1632 3079 1819 3126 suam
1852 3085 1868 3124 ε

323 3184 520 3248 erg0,
548 3169 668 3229 etc.
702 3164 1000 3230 Probatio
1033 3164 1281 3228 mediae.
1327 3164 1503 3230 Sicut
1532 3167 1682 3232 dicit
1707 3169 1872 3252 Apo-

322 3274 526 3336 stolus
547 3277 593 3351 ⁸,
628 3271 926 3338 Charitas
953 3287 1083 3337 non
1110 3274 1346 3355 quoerit
1373 3290 1515 3357 quae
1542 3291 1664 3342 sua
1695 3283 1869 3357 sunt,

322 3379 441 3446 sed
472 3377 645 3461 quod
673 3378 939 3444 alterius
970 3399 992 3440 .·
1016 3378 1126 3442 sed
1159 3378 1324 3444 Deus
1348 3399 1496 3463 quae
1530 3383 1697 3464 agit,
1726 3384 1876 3448 facit

325 3510 412 3557 ex
439 3489 894 3573 perfectissima
914 3489 1254 3556 charitate:
1287 3510 1443 3574 ergo
1465 3512 1584 3559 nec
1614 3497 1868 3577 quaerit,

323 3617 449 3662 nec
470 3597 745 3661 intendit
774 3596 944 3680 quod
973 3615 1166 3661 suum
1194 3602 1326 3662 est:
1353 3617 1510 3680 ergo
1536 3619 1669 3665 non
1687 3619 1872 3667 suam

326 3701 628 3784 gloriam,
663 3701 772 3765 sed
804 3700 1139 3765 utilitatem
1166 3705 1471 3766 nostram.

413 3812 474 3872 2.
523 3807 681 3872 Item
725 3807 829 3871 ille
874 3807 1022 3870 flnis
1069 3810 1165 3871 est
1207 3808 1615 3891 principalior
1653 3812 1873 3875 condi-

330 3915 526 3980 tionis
557 3915 682 3994 rei,
712 3932 905 3997 quem
935 3933 1036 3979 res
1070 3915 1322 3979 condita
1348 3917 1557 3998 magis
1587 3919 1822 4001 appetit
1850 3937 1868 3982 ι

330 4022 443 4087 sed
474 4039 881 4105 unaquaeque
907 4041 1010 4086 res
1053 4023 1142 4086 ita
1184 4023 1419 4105 appetit
1464 4043 1657 4088 suum
1696 4043 1870 4090 com-

330 4128 602 4193 modum
655 4128 757 4192 vel
812 4129 1149 4193 utilitatem
1174 4177 1192 4206 ,
1238 4130 1409 4213 quod
1458 4131 1635 4196 nullo
1685 4133 1875 4198 modo

330 4239 538 4318 potest
563 4235 725 4299 velle
752 4236 1112 4318 oppositum
1143 4252 1159 4297 ε
1189 4236 1298 4300 sed
1328 4238 1692 4319 oppositum
1726 4239 1875 4321 glo-

330 4344 452 4407 riae
488 4341 725 4407 divinae
750 4346 956 4425 potest
989 4343 1172 4421 velle,
1203 4343 1366 4407 sicut
1389 4349 1561 4428 patet
1606 4346 1673 4409 in
1703 4347 1870 4412 blas-

328 4450 583 4533 phemis
610 4469 628 4513 :
662 4468 820 4531 ergo
848 4450 1108 4530 utilitas,
1140 4455 1259 4515 etc.

417 4562 477 4622 3.
511 4556 669 4621 Item
695 4557 800 4621 ille
828 4558 976 4621 finis
1001 4563 1094 4622 est
1116 4559 1323 4640 potior
1350 4562 1728 4627 conditionis
1753 4563 1871 4642 rei,

328 4665 414 4731 ad
443 4684 640 4749 quem
668 4665 949 4730 efficiens
976 4684 1110 4730 non
1154 4669 1445 4749 pervenit
1481 4669 1604 4733 nisi
1634 4671 1877 4752 perfec-

322 4780 511 4853 tum;
545 4775 668 4838 hoc
694 4777 888 4857 patet,
918 4775 1071 4858 quia
1092 4774 1147 4839 si
1173 4794 1358 4859 aeque
1384 4777 1548 4841 bene
1576 4779 1876 4846 defendor

328 4900 376 4946 a
403 4879 644 4963 pluviis
676 4881 914 4964 absque
944 4883 1134 4946 domo
1150 4931 1168 4963 ,
1201 4883 1367 4948 sicut
1391 4904 1540 4949 cum
1570 4886 1759 4951 domo
1772 4937 1788 4968 ,
1819 4889 1874 4954 si

326 4990 608 5052 facerem
635 4987 902 5052 domum
929 4992 1186 5072 propter
1206 4991 1399 5055 talem
1418 4992 1871 5076 defensionem,

326 5097 609 5161 facerem
635 5095 906 5162 frustra:
939 5099 993 5160 si
1012 5115 1171 5179 ergo
1192 5097 1359 5175 Deus
1386 5118 1513 5165 non
1544 5105 1639 5165 est
1664 5104 1875 5185 magis

328 5204 656 5286 gloriosus
701 5208 843 5287 post
910 5205 1332 5271 conditionem
1387 5225 1609 5272 rerum
1679 5229 1874 5293 quam

399 5368 415 5401 ¹
440 5368 459 5417 1
487 5366 627 5426 con,
651 5379 717 5424 x,
744 5369 822 5418 31.
848 5395 906 5404 —
934 5369 958 5403 ²
979 5368 1150 5432 Arist„
1178 5369 1348 5421 Ethic.
1378 5370 1465 5421 lib.
1501 5373 1539 5421 1.
1560 5399 1621 5409 —-
1645 5373 1701 5423 ³1
1734 5375 1869 5437 Con,

328 5451 450 5503 xm,
473 5444 540 5502 53
570 5450 624 5502 x,
644 5441 721 5490 24.
740 5440 1025 5503 -⁸Prov.‚
1049 5453 1155 5504 xvi,
1179 5446 1225 5494 4.
1245 5469 1308 5480 —
1331 5445 1442 5494 ³1³³.
1463 5456 1549 5509 xv,
1570 5449 1619 5496 2.

3383 455 3501 516 265

1971 587 2142 662 ante,
2164 583 2219 647 si
2246 584 2478 649 faceret
2502 604 2603 649 res
2625 586 3050 670 principaliter
3073 590 3332 671 propter
3362 588 3507 670 glo-

1965 691 2132 754 riam
2180 707 2364 755 suam
2380 741 2399 771 ,
2449 694 2679 757 faceret
2716 694 2951 758 frustra
2998 717 3013 758 :
3063 695 3235 777 quod
3278 695 3333 758 si
3374 714 3507 760 non

1965 798 2202 863 frustra
2238 798 2425 876 facit,
2457 818 2589 864 non
2619 801 2908 883 producit
2946 819 3103 884 ergo
3136 803 3507 885 principali-

1966 908 2063 968 ter
2080 889 2338 988 propter
2369 906 2642 987 gloriam
2661 926 2879 991 ¹suam,
2910 909 3018 974 sed
3045 914 3301 992 propter
3326 911 3508 974 utili-

1964 1016 2161 1077 tatem
2190 1012 2484 1077 alienam.

2046 1124 2110 1184 4.
2146 1118 2304 1184 ltem
2327 1121 2433 1186 ille
2451 1119 2600 1185 finis
2616 1122 3021 1205 principalior
3041 1127 3159 1202 est,
3188 1125 3301 1206 qui
3329 1126 3510 1191 effec-

1969 1229 2108 1290 tum
2134 1228 2343 1308 magis
2369 1229 2641 1309 perficit,
2663 1248 2814 1294 cum
2842 1230 2925 1294 ad
2941 1231 3153 1313 ipsum
3175 1234 3502 1313 pervenit:

1966 1334 2077 1397 sed
2109 1333 2213 1397 Dei
2239 1334 2456 1399 fruitio
2483 1336 2694 1417 magis
2717 1337 2997 1400 animam
3019 1339 3291 1419 perficit,
3311 1357 3508 1422 quam

1968 1440 2078 1506 Dei
2132 1442 2410 1507 laudatio
2460 1462 2477 1505 ε
2539 1461 2696 1525 ergo
2754 1444 3166 1527 principalius
3211 1446 3373 1510 facta
3416 1450 3518 1511 est

1968 1548 2183 1611 anima
2233 1552 2490 1629 propter
2536 1549 2905 1613 fruitionem
2930 1598 2947 1626 ,
3006 1569 3204 1634 quam
3254 1555 3511 1635 propter

1969 1652 2080 1718 Dei
2104 1654 2380 1736 gloriam
2406 1659 2469 1720 et
2483 1656 2777 1721 laudem.

2515 1860 2963 1928 CONCLUSIO.

1972 2002 2169 2057 Rerum
2195 2000 2531 2057 conditarum
2551 2003 2922 2075 principalior
2951 2017 3114 2060 causa
3141 2009 3218 2061 est
3261 2006 3359 2061 Dei
3395 2022 3509 2062 om-

2044 2094 2343 2162 nipotentis
2368 2092 2579 2161 qloria,
2611 2106 2720 2147 non
2742 2092 2953 2162 quidem
2982 2094 3253 2163 auqmda,
3278 2096 3370 2151 sed
3391 2112 3511 2152 ma-

2046 2182 2359 2250 nifestanda
2376 2186 2428 2239 et
2446 2182 2886 2239 communicanda
2905 2200 2927 2239 .·
2941 2199 3007 2239 ω)
3024 2184 3172 2254 cuim
3184 2189 3512 2256 manifesta-

2048 2273 2459 2329 tionem-catum
2482 2272 2704 2328 utilitas
2721 2287 2928 2328 summa
2948 2276 3336 2345 proficiscitur.

2057 2407 2241 2490 Resp.
2274 2408 2355 2472 ad
2382 2410 2541 2491 Arg.
2572 2384 2917 2475 Dicendum
2962 2411 3134 2494 quod
3177 2412 3323 2475 finis
3362 2430 3517 2477 con-

1977 2514 2233 2579 ditionis
2253 2516 2376 2595 rei,
2406 2516 2542 2581 sive
2562 2536 2782 2581 rerum
2811 2518 3213 2583 conditarum
3228 2565 3245 2594 ,
3277 2519 3514 2601 princi-

1978 2622 2181 2704 palior
2235 2627 2329 2685 est
2382 2622 2489 2686 Dei
2540 2624 2745 2705 gloria
2792 2625 2927 2688 sive
2986 2605 3265 2706 bonitas,
3319 2644 3516 2708 quam

1979 2732 2287 2793 creaturas
2320 2730 2557 2795 utilitas
2595 2754 2611 2795 ε
2641 2730 2802 2794 sicut
2830 2731 3006 2795 enim
3045 2735 3217 2814 patet
3252 2737 3275 2773 ⁸
3292 2782 3310 2813 ,
3355 2733 3517 2800 Uni-

1979 2852 2165 2902 versa
2198 2843 2458 2920 propter
2492 2840 2898 2920 semetipsum
2925 2846 3224 2922 operatus
3249 2846 3344 2907 est
3381 2842 3514 2908 Do-

1978 2947 2197 3010 minus
2226 2966 2251 3006 .-
2289 2944 2398 3009 sed
2442 2963 2574 3009 non
2615 2949 2870 3027 propter
2910 2963 3095 3009 suam
3135 2947 3471 3012 utilitatem
3493 2998 3512 3030 ,

1980 3053 2085 3117 vel
2099 3051 2542 3134 indigentiam,
2557 3051 2711 3134 quia
2724 3051 2801 3135 (a)
2820 3052 2910 3116 ait
2925 3052 2995 3116 in
3018 3052 3265 3119 Psalmo
3280 3060 3302 3094 ⁸
3322 3056 3520 3123 :Dioei

1980 3161 2248 3227 Domino
2277 3180 2300 3221 :
2333 3162 2498 3225 Deus
2533 3176 2704 3226 ments
2732 3176 2797 3226 es
2837 3166 2907 3227 tu
2923 3210 2944 3239 ‚
2991 3163 3292 3244 quoniam
3330 3163 3517 3231 bono-

1981 3284 2126 3333 rum
2174 3284 2454 3334 meorum
2496 3284 2627 3334 non
2666 3284 2807 3351 eyes
2849 3291 2874 3334 .·
2913 3287 3071 3350 ergo
3117 3275 3375 3352 propter
3418 3272 3522 3335 sui

1981 3375 2288 3457 gloriam3
2326 3394 2481 3456 non,
2505 3376 2800 3459 inquam,
2820 3382 3078 3459 propter
3097 3378 3372 3459 gloriam
3397 3400 3522 3444 au-

1980 3484 2257 3564 gendam
2281 3532 2298 3563 ,
2341 3482 2450 3548 sed
2488 3487 2747 3566 propter
2789 3483 3062 3565 gloriam
3107 3486 3521 3550 manifestan-

1981 3589 2158 3667 dam,
2201 3595 2263 3654 et
2298 3594 2556 3674 propter
2601 3591 2875 3673 gloriam
2924 3611 3110 3656 suam
3153 3595 3523 3658 communi-

1981 3696 2276 3774 candam3
2308 3697 2377 3760 in
2412 3700 2515 3780 cuj
2524 3717 2597 3762 us
2624 3699 3131 3764 manifestatione
3174 3706 3239 3765 et
3263 3703 3523 3784 partici-

1981 3805 2234 3886 patione
2256 3807 2602 3872 attenditur
2635 3827 2889 3872 summa
2922 3810 3158 3873 utilitas
3186 3817 3518 3895 creaturae,

1982 3912 2275 3976 videlicet
2295 3915 2436 3995 ejus
2459 3914 2835 3996 glorificatio
2865 3917 2999 3982 sive
3038 3918 3437 3985 beatificatio.

2063 4025 2094 4083 1
2107 4068 2122 4083 .
2154 4019 2335 4097 Quod
2354 4040 2512 4103 ergo
2539 4023 2639 4105 obi
2648 4024 2856 4103 icitur,
2881 4017 3054 4107 quod
3078 4025 3350 4089 charitas
3374 4027 3523 4091 alie-

1982 4146 2144 4191 num
2183 4129 2593 4193 commodum
2640 4131 2908 4213 quaerit3
2956 4131 3296 4197 dicendum
3349 4137 3517 4217 quod

1982 4251 2166 4298 secus
2197 4236 2383 4298 estin
2411 4236 2613 4316 nobiS,
2645 4239 2708 4301 et
2733 4238 2804 4301 in
2833 4238 2959 4303 Deo
2995 4262 3009 4303 :
3051 4258 3205 4303 nam
3241 4241 3310 4303 in
3335 4242 3520 4307 nobis

1982 4341 2227 4405 bonum
2259 4343 2592 4425 proprium
2617 4344 2828 4408 differt
2865 4365 2905 4410 a
2942 4346 3114 4411 bono
3154 4349 3514 4428 communi;

1984 4448 2091 4512 sed
2120 4449 2191 4511 in
2217 4449 2344 4514 Deo
2388 4452 2631 4515 bonum
2670 4470 2864 4516 suum
2908 4459 3002 4518 est
3052 4454 3297 4518 bonum
3345 4473 3520 4518 com-

1983 4563 2216 4635 mune,
2247 4575 2401 4621 nam
2431 4558 2568 4640 ipse
2602 4562 2697 4623 est
2725 4560 2970 4624 bonum
2997 4561 3206 4625 omnis
3244 4561 3419 4626 boni.
3451 4562 3522 4627 Si

1984 4682 2143 4746 ergo
2170 4666 2467 4730 effectum
2492 4684 2623 4731 non
2663 4668 2986 4732 ordinaret
3014 4669 3093 4732 ad
3122 4686 3189 4732 se
3206 4717 3223 4746 ‚
3256 4669 3360 4733 vel
3386 4688 3521 4735 non

1982 4772 2213 4836 faceret
2263 4778 2519 4856 propter
2564 4793 2632 4839 se
2684 4775 2858 4857 (cum
2905 4776 3039 4858 ipse
3083 4776 3166 4840 sit
3201 4778 3445 4841 bonum
3482 4796 3522 4841 a

1984 4899 2115 4963 quo
2149 4899 2338 4946 omne
2375 4882 2677 4964 bonum),
2717 4885 2860 4967 jam
2896 4884 3156 4948 effectus
3191 4902 3324 4948 non
3358 4891 3522 4952 esset

1984 4986 2214 5052 bonus,
2247 4987 2560 5066 Quoniam
2586 5008 2744 5072 ergo
2774 4990 3014 5056 utilitas
3041 4994 3349 5055 creaturae
3386 4994 3520 5057 tota

1983 5095 2327 5160 attenditur
2375 5097 2446 5159 in
2491 5097 2883 5162 ordinatione
2923 5098 3003 5162 ad
3051 5100 3293 5162 bonum
3343 5099 3517 5180 quod

1983 5202 2150 5267 Deus
2177 5205 2291 5281 est,
2321 5203 2462 5268 ideo
2488 5204 2761 5269 charitas
2786 5204 2898 5268 Dei
2930 5205 3149 5269 omnia
3172 5205 3518 5271 rectissime

1981 5311 2130 5375 fecit
2141 5313 2204 5376 et
2220 5312 2534 5376 convertit
2550 5312 2630 5376 ad
2649 5330 2717 5376 se
2739 5334 2756 5376 ε
2778 5316 2842 5378 et
2856 5312 2947 5378 sic
2963 5331 3093 5378 non
3113 5313 3291 5379 estin
3305 5315 3512 5382 nobis.

2045 5444 2108 5511 (a)
2132 5444 2253 5496 Goet.
2272 5444 2395 5495 edit.
2417 5442 2523 5510 qui.
2545 5443 2637 5494 sub
2662 5444 2781 5498 aud.
2812 5444 3084 5510 Propheta.
