4125 6225
1096 436 1289 503 DIST.
1336 438 1412 503 ΙΙ.
1460 439 1689 504 PART.
1735 440 1812 504 ΙΙ.
1857 438 2037 505 ART.
2087 440 2164 503 11.
2211 439 2508 517 QUAEST.
2554 440 2631 505 ΙΙ.
3332 446 3452 509 299

266 566 388 641 est,
426 564 580 644 quia
601 568 780 629 tanto
802 567 1014 650 magis
1036 572 1272 636 recedit
1297 592 1336 637 a
1358 576 1797 654 coarctatione,

263 672 332 732 et
386 670 593 751 magis
643 675 1115 758 appropinquat
1157 680 1235 743 ad
1287 682 1583 746 divinum
1632 703 1799 763 esse,

262 778 436 859 quod
466 780 703 862 ubique
730 789 843 847 est.
871 785 1040 866 Ergo
1059 787 1107 849 si
1140 789 1409 869 angelus
1434 791 1600 856 inter
1625 812 1798 857 crea-

260 886 442 949 turas
461 889 742 953 maxime
769 891 848 954 ad
879 891 1080 957 Deum
1106 896 1592 979 appropinquat,
1618 900 1800 964 vide-

259 992 373 1054 tur
407 994 579 1074 quod
621 996 814 1060 simul
858 1003 923 1062 et
963 1003 1160 1065 semel
1194 1004 1261 1068 in
1304 1005 1600 1088 pluribus
1647 1006 1799 1070 locis

255 1418 598 1500 gitationes
636 1425 949 1491 volubiles
966 1478 982 1506 ,
1007 1430 1137 1495 imo
1169 1439 1372 1515 potest
1405 1454 1518 1518 per
1550 1436 1794 1498 donum

255 1525 484 1606 gloriae
502 1529 694 1594 simul
721 1533 922 1597 multa
952 1538 1231 1617 cogitare
1263 1564 1276 1604 :
1311 1542 1419 1606 sed
1442 1541 1794 1606 intellectus

197 1636 201 1645 ⁴
253 1650 371 1713 per
408 1640 707 1701 naturam
748 1639 816 1703 in
856 1644 1048 1707 unico
1094 1645 1354 1711 instanti
1394 1668 1529 1713 non
1572 1651 1794 1732 aspicit

252 1738 375 1801 nisi
404 1742 483 1805 ad
508 1762 715 1809 unum
743 1746 1160 1832 intelligibile,
1189 1759 1251 1818 et
1272 1775 1385 1838 per
1409 1757 1680 1838 gloriam
1707 1758 1790 1821 si-

253 1847 392 1909 mul
420 1849 593 1914 videt
620 1853 823 1917 multa
860 1877 874 1918 z
907 1874 1063 1938 ergo
1105 1860 1243 1940 pari
1271 1862 1512 1927 ratione
1540 1863 1792 1927 videtur

251 1955 423 2035 quod
467 1958 738 2039 angelus
777 1961 1174 2042 glorificatus
1197 1968 1389 2032 simul
1429 1971 1623 2052 possit
1655 1990 1789 2037 esse

250 2059 320 2123 in
350 2062 505 2125 locis
528 2065 819 2132 diversis,
1738 2156 1745 2164 ,

326 2166 489 2232 Item
531 2189 760 2254 corpus
794 2193 1131 2259 nunquam
1168 2184 1371 2264 potest
1397 2184 1631 2248 elevari
1672 2204 1789 2250 nec

241 2293 361 2356 per
381 2277 681 2357 gloriam,
710 2299 830 2345 nec
856 2301 970 2364 per
1012 2286 1342 2364 unionem,
1376 2295 1451 2355 ut
1472 2292 1554 2356 sit
1577 2293 1788 2357 excel-

241 2382 379 2446 sius
404 2386 631 2466 spiritu
658 2389 935 2469 glorioso
969 2414 983 2456 :
1016 2394 1126 2458 sed
1158 2414 1387 2480 corpus
1416 2398 1646 2463 Christi
1672 2419 1786 2482 per

238 2492 524 2570 gratiam
549 2496 802 2560 unionis
825 2506 1181 2581 potestesse
1209 2505 1276 2566 in
1293 2505 1445 2568 locis
1472 2506 1777 2572 diversis:

240 2615 401 2680 ergo
420 2603 560 2683 pari
584 2605 850 2686 ratione,
871 2613 946 2671 ut
968 2609 1243 2692 videtur,
1267 2617 1330 2677 et
1349 2615 1620 2695 angelus
1644 2617 1783 2697 glo-

239 2725 474 2772 mosas,

22 2810 211 2860 ΜΨ·
320 2812 557 2879 Contra
585 2835 603 2880 z
632 2835 747 2900 per
769 2821 1204 2901 Ambrosium,
1235 2826 1305 2889 in
1330 2827 1491 2891 libro
1513 2827 1592 2894 de
1624 2829 1779 2911 Spi-

235 2923 381 2989 ritu
407 2930 626 2991 sancto
653 2927 671 2961 ¹
704 2948 728 2991 :
775 2951 805 2988 α
834 2927 1055 2993 Omnis
1098 2938 1389 2996 creatura
1430 2937 1616 2999 certis
1642 2956 1778 3001 suae

230 3036 486 3094 naturae
541 3038 635 3096 est
677 3034 1154 3122 circumscripta
1195 3040 1506 3106 limitibus
1542 3066 1556 3106 ε
1588 3067 1619 3104 1>
1667 3047 1779 3110 sed

227 3136 405 3216 quod
446 3143 648 3219 potest
687 3159 820 3206 esse
864 3164 1073 3209 unum
1119 3152 1183 3210 et
1212 3148 1381 3212 idem
1428 3155 1631 3214 totum
1656 3201 1674 3231 ,
1713 3159 1776 3218 et

223 3246 588 3309 secundum
609 3254 846 3331 actum,
872 3254 961 3316 ita
986 3255 1055 3318 in
1080 3256 1204 3319 hoc
1227 3257 1366 3321 loco
1393 3260 1564 3340 quod
1581 3260 1772 3325 etiam

221 3350 293 3416 in
340 3353 507 3430 ali0,
538 3374 669 3421 non
713 3364 807 3423 est
847 3361 1393 3447 circumscriptum
1426 3389 1441 3430 :
1474 3386 1631 3449 ergo
1673 3372 1773 3435 vel

224 3460 510 3541 angelus
537 3467 667 3527 non
702 3473 796 3531 est
820 3476 1132 3548 creatura,
1161 3473 1266 3536 vel
1293 3474 1345 3536 si
1369 3474 1486 3554 sit,
1515 3475 1584 3538 in
1623 3477 1771 3558 plu-

228 3566 420 3632 ribus
450 3570 602 3634 locis
626 3573 815 3638 simul
845 3595 979 3641 esse
996 3597 1131 3643 non
1158 3584 1379 3662 potest.

301 3674 470 3740 Item
501 3678 945 3763 Damascenus,
976 3686 1044 3748 in
1073 3687 1236 3751 libro
1264 3688 1335 3751 1²
1368 3708 1383 3752 ε
1423 3713 1455 3750 ι(
1481 3691 1771 3771 Angelus

213 3784 458 3848 dicitur
482 3804 618 3852 esse
647 3789 715 3852 in
739 3790 906 3868 loco,
945 3795 1096 3875 quia
1126 3797 1299 3859 adest
1328 3796 1770 3862 intellectuali-

210 3896 338 3972 ter,
373 3897 440 3956 et
472 3895 1017 3963 circumscribitur
1048 3903 1158 3965 ubi
1191 3907 1254 3966 et
1278 3909 1607 3986 operatur;
1637 3924 1768 3969 non

212 3999 397 4062 enim
423 4005 628 4082 potest
651 4006 1003 4070 secundum
1033 4008 1203 4073 idem
1230 4010 1302 4073 in
1327 4011 1596 4076 diversis
1617 4012 1768 4077 locis

208 4124 496 4189 operari.
525 4131 558 4168 n

292 4212 465 4277 Item
491 4216 546 4278 si
573 4218 843 4298 angelus
869 4220 1059 4284 simul
1089 4227 1254 4287 osset
1282 4225 1350 4287 in
1376 4224 1647 4290 diversis
1667 4227 1765 4291 lo-

206 4319 340 4398 cis,
369 4338 509 4384 non
551 4322 867 4406 indigeret
911 4329 1121 4408 mitti,
1160 4348 1280 4394 nec
1308 4334 1554 4397 moveri
1591 4354 1609 4398 ε
1655 4335 1765 4399 sed

206 4434 567 4493 moventur
586 4432 821 4513 angeli,
854 4434 1018 4499 sicut
1044 4441 1215 4518 patet
1232 4456 1346 4520 per
1372 4439 1763 4523 Scripturam

204 4537 451 4599 veteris
480 4542 543 4600 et
569 4540 723 4602 novi
750 4538 1132 4607 Testamenti
1161 4565 1177 4608 ε
1209 4563 1389 4627 ergo,
1421 4551 1540 4611 etc.

290 4642 461 4707 ltem
492 4645 548 4707 si
573 4647 845 4726 angelus
869 4649 1061 4713 simul
1085 4655 1150 4714 et
1174 4654 1369 4717 semel
1396 4672 1532 4719 esse
1552 4662 1765 4737 posset

198 4747 271 4812 in
329 4751 607 4814 diversis
642 4753 831 4830 lociS,
883 4756 1076 4820 simul
1118 4764 1180 4822 et
1222 4762 1416 4824 semel
1461 4770 1668 4844 posset
1695 4764 1761 4827 in

199 4876 340 4922 uno
369 4858 516 4923 loco
546 4863 776 4939 tacere,
806 4864 960 4927 etin
988 4866 1114 4928 alio
1141 4867 1279 4931 loco
1298 4869 1509 4951 loqui;
1536 4870 1607 4933 in
1626 4890 1759 4935 uno

194 4966 483 5045 moveri,
506 4968 660 5031 etin
688 4971 814 5034 alio
834 4973 1156 5054 quiescere
1187 4998 1202 5039 ε
1228 4995 1383 5058 ergo
1411 4978 1539 5042 duo
1564 4997 1758 5062 oppo-

192 5073 317 5136 sita
348 5072 553 5136 simul
580 5080 642 5138 et
664 5078 858 5142 semel
886 5087 1093 5144 essent
1120 5100 1274 5146 vera
1299 5084 1376 5148 de
1404 5086 1649 5150 eodem.

278 5178 454 5245 Item
501 5187 777 5262 ponatur
836 5189 1135 5253 eumdem
1190 5193 1499 5273 angelum
1562 5195 1753 5272 simul

186 5377 191 5382 .
257 5341 273 5376 ¹
296 5340 577 5402 Anahros„
602 5341 664 5391 de
693 5344 876 5409 Spirit.
905 5349 1103 5410 Sancto,
1131 5351 1219 5403 lib.
1245 5354 1296 5416 1,
1325 5368 1371 5404 c.
1392 5366 1484 5420 vn,
1514 5370 1567 5405 n.
1592 5359 1671 5408 74.
1691 5384 1753 5396 -

182 5427 208 5462 ς
226 5413 509 5475 Damaso„
535 5412 597 5461 de
621 5414 748 5465 Fide
768 5419 988 5483 orthod„
1018 5422 1109 5474 lib.
1138 5425 1184 5489 l,
1216 5438 1262 5475 6.
1284 5437 1414 5477 xvn.

1917 594 2054 639 esse
2112 574 2368 639 Parisiis
2418 579 2480 640 et
2529 576 2784 655 Roman
2839 594 3063 660 quaero
3110 582 3338 644 utrum
3372 581 3451 645 de

1907 684 2069 748 urbe
2116 683 2320 748 Roma
2371 688 2581 767 posset
2623 687 2716 749 ire
2765 686 3038 752 Parisios
3094 710 3109 751 ε
3163 689 3214 751 si
3267 706 3399 752 non
3427 738 3445 768 ,

1906 808 2126 871 quaero
2159 810 2175 854 ε
2215 791 2370 873 quid
2408 792 2713 874 impedit?
2751 793 2827 856 Et
2869 812 3001 872 non
3043 797 3137 858 est
3163 795 3334 859 dare.
3382 794 3448 859 Si

1906 897 2030 977 sic,
2071 899 2179 963 sed
2212 900 2372 963 nihil
2415 904 2712 963 movetur
2757 901 2836 965 ad
2884 901 2949 965 id
2993 901 3162 983 quod
3202 902 3443 965 habet:

1904 1025 2061 1086 ergo
2106 1026 2244 1083 non,
2272 1012 2477 1090 potest
2516 1008 2609 1071 ire
2655 1007 2944 1073 Parisios.
3000 1011 3129 1074 Aut
3174 1011 3228 1073 si
3271 1010 3448 1074 vadit

1906 1111 2196 1193 ParisiOS,
2226 1119 2288 1179 et
2312 1116 2402 1178 ibi
2447 1132 2515 1178 se
2558 1115 2844 1196 invenit,
2876 1118 3069 1181 simul
3109 1118 3229 1181 fuit
3262 1118 3445 1199 prius

1901 1239 2185 1303 praesens
2210 1228 2273 1285 et
2303 1223 2529 1287 absens
2558 1245 2574 1286 ε
2611 1228 2673 1287 et
2705 1230 2880 1306 post,
2910 1226 3008 1289 bis
3033 1229 3128 1289 est
3163 1226 3250 1290 ibi
3280 1242 3443 1307 prae-

1901 1347 2044 1392 sens
2075 1348 2091 1393 ε
2123 1348 2270 1411 quae
2299 1331 2516 1394 omnia
2538 1335 2687 1394 sunt
2710 1332 3222 1399 inconvenientia
3242 1340 3304 1399 et
3328 1338 3442 1401 ab-

1901 1437 2096 1500 surda
2127 1458 2142 1501 t
2169 1455 2350 1518 ergo,
2378 1441 2499 1501 etc.

2401 1701 2933 1769 CONCLUSIO.

1896 1866 2163 1935 Anqelus,
2195 1882 2312 1923 cum
2342 1869 2416 1923 sit
2443 1868 2799 1925 individuam
2835 1869 3179 1942 substantia,
3208 1876 3261 1927 et
3289 1850 3436 1928 lim'i-

1969 1958 2099 2010 tatoe
2123 1958 2380 2021 virtutis,
2409 1959 2570 2013 simul
2599 1963 2651 2014 et
2677 1959 2833 2015 semel
2859 1974 2968 2015 non
2984 1963 3164 2031 potest
3199 1975 3302 2018 esse
3326 1965 3437 2019 nisi

1971 2045 2033 2099 in
2061 2060 2168 2101 uno
2199 2046 2309 2102 loco
2332 2049 2532 2118 primo.
3227 2068 3234 2073 ·

1972 2201 2158 2285 Resp.
2189 2204 2267 2267 ad
2291 2205 2449 2286 Arg.
2479 2205 2825 2270 Dicendum
2851 2206 3023 2287 quod
3052 2224 3203 2270 cum
3223 2226 3434 2290 ange-

1890 2310 1993 2373 lus
2023 2310 2252 2375 habeat
2273 2329 2407 2375 esse
2427 2311 2923 2388 individuatum,
2956 2312 3152 2377 habet
3169 2332 3303 2377 esse
3327 2316 3432 2380 hic

1891 2421 1955 2481 et
1979 2436 2153 2480 nunc
2180 2440 2194 2483 ε
2225 2420 2381 2501 quia
2412 2438 2564 2483 vero
2599 2419 2790 2482 habet
2810 2438 2944 2483 esse
2970 2420 3338 2501 limitatum,
3370 2429 3435 2488 et

1890 2523 2194 2589 virtutem
2228 2525 2602 2604 limitatam,
2633 2525 2823 2589 habet
2862 2544 2997 2590 esse
3039 2528 3107 2590 in
3144 2548 3274 2592 uno
3301 2530 3427 2608 hic,

1886 2630 2023 2695 sive
2053 2632 2122 2694 in
2149 2651 2283 2697 uno
2303 2633 2441 2697 loco
2469 2638 2741 2696 tantum.
2770 2632 3083 2709 Quoniam
3111 2654 3270 2717 ergo
3296 2641 3428 2701 tam

1887 2737 2307 2802 individuatio
2326 2789 2343 2818 ,
2375 2757 2569 2821 quam
2595 2739 2889 2803 limitatio
2909 2788 2927 2817 ,
2966 2742 3340 2806 naturaliter
3365 2747 3429 2807 et

1884 2844 2389 2925 inseparabiliter
2423 2847 2587 2909 inest
2614 2846 2875 2927 angelo;
2925 2846 3081 2910 hinc
3127 2853 3220 2910 est
3255 2850 3426 2930 quod

1885 2952 2190 3032 angelum
2211 2953 2404 3016 simul
2428 2958 2490 3015 et
2517 2954 2711 3016 semel
2740 2958 2987 3035 oportet
3014 2972 3149 3017 esse
3174 2959 3425 3020 tantum

1884 3058 1949 3123 in
1978 3079 2112 3125 uno
2146 3061 2283 3126 loco
2315 3081 2331 3125 ε
2381 3066 2443 3126 et
2479 3063 2599 3126 hoc
2634 3062 2859 3126 dicunt
2895 3063 3334 3144 auctoritateS,
3362 3070 3428 3130 et

1882 3168 2158 3232 rationes
2183 3170 2451 3250 probant
2492 3191 2516 3233 .·
2537 3173 2600 3233 et
2625 3169 2767 3233 ideo
2811 3170 3230 3235 concedendae
3273 3177 3425 3236 sunt

1883 3291 1998 3355 pro
2028 3292 2104 3337 eo
2132 3275 2302 3356 quod
2335 3293 2564 3339 verum
2590 3277 2998 3342 concludunt.

1963 3386 2020 3444 1.
2049 3383 2147 3445 Ad
2175 3383 2330 3447 illud
2357 3384 2526 3465 quod
2556 3385 2856 3467 objicitur
2877 3386 3106 3467 primo,
3133 3385 3306 3468 quod
3335 3386 3423 3452 ibi

1880 3487 1993 3567 est,
2027 3489 2141 3553 ubi
2168 3491 2308 3555 vult
2337 3514 2351 3556 :
2380 3491 2720 3555 dicendum
2759 3493 2929 3575 quod
2965 3493 3126 3557 illud
3153 3512 3286 3557 non
3330 3500 3423 3559 est

1878 3595 2121 3659 dictum
2147 3615 2258 3677 per
2279 3599 2832 3662 concomitantiam
2859 3599 3218 3680 simultatiS,
3250 3602 3420 3683 quod

1877 3702 1947 3765 in
1976 3702 2194 3766 eodem
2224 3704 2516 3784 instanti,
2548 3706 2614 3769 in
2644 3724 2773 3788 quo
2813 3711 2906 3771 est
2941 3707 3102 3772 velle
3145 3727 3279 3772 esse
3302 3758 3319 3788 ,
3351 3710 3421 3773 in

1877 3827 2284 3891 quocumque
2324 3810 2458 3873 loco
2502 3811 2580 3874 sit
2625 3830 2790 3891 esse;
2834 3813 2943 3877 sed
2988 3815 3131 3877 ideo
3176 3815 3420 3879 dictum

1876 3921 2003 3995 est,
2034 3918 2188 3998 'quia
2226 3937 2362 3981 esse
2406 3920 2469 3982 in
2509 3920 2648 3983 1060
2695 3921 2888 3985 volito
2926 3923 3219 4004 sequitur
3258 3923 3420 3988 velle

1877 4020 2013 4082 sine
2054 4038 2237 4084 mora
2259 4022 2562 4103 temporis
2589 4041 2863 4105 magna,
2893 4031 3149 4108 propter
3174 4027 3414 4090 veloci-

1872 4129 2070 4190 tatem
2097 4126 2475 4206 angelicam,
2522 4133 2594 4191 ut
2622 4128 3046 4194 Damascenus
3087 4131 3257 4194 dicit.
3304 4131 3418 4196 Se-

1874 4235 2097 4316 quitur
2122 4236 2314 4298 etiam
2338 4254 2472 4299 esse
2501 4235 2570 4298 in
2596 4235 2734 4300 loco
2760 4239 2870 4301 tali
2896 4238 3059 4302 velle
3095 4237 3308 4320 angeli
3334 4240 3415 4304 ad

1873 4344 2149 4418 nutum,
2193 4341 2345 4423 quia
2387 4342 2658 4423 angelus
2708 4362 2839 4408 non
2889 4345 3032 4409 vult
3083 4346 3204 4409 nisi
3245 4347 3415 4428 quod

1873 4447 2176 4529 competit
2227 4454 2478 4513 naturae
2518 4468 2679 4514 suae.
2728 4450 2908 4516 Unde
2959 4470 3090 4516 non
3140 4452 3281 4516 vult
3326 4453 3416 4517 ibi

1872 4570 2007 4616 esse
2034 4553 2100 4615 in
2127 4554 2423 4626 instanti,
2464 4555 2572 4618 sed
2616 4556 2687 4620 in
2733 4575 2809 4621 eo
2847 4563 3132 4640 tempore
3181 4558 3246 4620 in
3286 4577 3414 4640 quo

1870 4662 1987 4724 scit
2012 4680 2079 4724 se
2101 4680 2282 4743 posse
2319 4662 2537 4726 venire
2568 4685 2584 4727 ε
2611 4681 2687 4728 60
2716 4665 2903 4729 modo
2925 4665 3413 4745 intelligendum

1871 4772 1965 4832 est
1988 4770 2260 4832 verbum
2288 4768 2661 4850 praedictum
2690 4771 2768 4834 de
2813 4789 3075 4854 corpore
3107 4771 3408 4852 glorioso.

1948 4877 2011 4939 2.
2048 4875 2149 4939 Ad
2188 4875 2346 4938 illud
2387 4876 2556 4957 quod
2604 4877 2905 4958 objicitur
2951 4878 3123 4960 quod
3162 4878 3250 4941 ibi
3291 4882 3409 4955 est,

1868 4982 1983 5047 ubi
2027 4987 2326 5063 operatur
2344 4995 2380 5059 ,⁴
2404 4981 2745 5046 dicendum
2783 4985 2956 5066 quod
3000 4984 3250 5067 operari
3293 4984 3412 5048 ali-

1868 5089 2018 5155 cubi
2045 5095 2138 5153 est
2161 5087 2514 5171 dupliciter,
2544 5091 2839 5169 mediate,
2871 5091 2974 5154 vel
3002 5090 3406 5154 immediate:

1864 5196 2250 5275 immediate,
2277 5200 2506 5278 utputa
2532 5197 2749 5260 anima
2767 5201 3069 5280 operatur
3087 5198 3157 5261 in
3183 5216 3405 5276 mann,

1865 5305 1976 5368 sed
2005 5302 2324 5366 mediante
2354 5320 2551 5365 manu
2577 5322 2595 5380 3
2617 5304 2835 5367 anima
2862 5307 3078 5368 nautae
3107 5307 3410 5386 operatur

1863 5414 1932 5478 in
1956 5416 2090 5476 tota
2125 5409 2300 5489 navi,
2330 5410 2484 5494 quia
2510 5412 2828 5477 movendo
2863 5429 3131 5477 manum
3152 5458 3169 5488 ,
3194 5416 3411 5477 movet
